4800 6698
915 251 1266 355 LXXXVIIII

293 558 452 637 domum
480 553 540 633 uel
569 553 716 633 stallum
746 555 783 631 in
812 553 898 631 uilla
928 556 1152 632 baennarum
1188 572 1376 656 copertam
1406 554 1482 631 siue
1512 570 1703 656 copertum
1730 552 1884 632 couibus

295 714 401 794 alicui
431 703 589 819 persone
619 711 685 792 sub
714 739 808 816 pena
842 711 1048 791 solidorum
1077 739 1123 790 rx
1156 712 1369 791 astensium.
1413 738 1480 815 pro
1523 709 1684 814 qualibet
1727 738 1883 816 persona

296 871 593 970 contrafaciente.
624 890 660 950 et
688 855 850 975 qualibet
879 872 971 949 uice.
1001 870 1046 949 Et
1075 870 1175 974 quod
1204 870 1323 974 aliqua
1351 897 1508 975 persona
1528 896 1606 949 non
1626 872 1743 974 possit
1762 868 1879 950 facere

296 1032 457 1136 aliquam
487 1029 631 1109 stallam
661 1056 728 1108 nec
757 1029 891 1108 habere
920 1028 979 1108 uel
1007 1004 1132 1108 tenere
1161 1049 1349 1133 copertam
1378 1031 1533 1108 couibus
1562 1056 1628 1133 pro
1656 1028 1881 1132 hospitando

198 1285 200 1290 Ι
295 1189 435 1294 aliquas
456 1188 599 1282 'bestias
627 1189 788 1267 asininas
815 1186 874 1266 uel
904 1186 1100 1266 cauallinas
1128 1187 1194 1265 sub
1223 1186 1354 1265 eadem
1382 1213 1487 1290 pena.
1517 1214 1584 1268 nec
1614 1189 1726 1265 etiam
1746 1187 1883 1267 dictam

297 1347 442 1427 stallam
471 1346 639 1426 claudere
668 1346 850 1450 aliquibus
878 1347 1032 1425 couibus
1061 1374 1125 1424 seu
1152 1346 1267 1450 paleis
1307 1345 1366 1423 uel
1396 1345 1506 1425 foliis.
1537 1347 1603 1426 sub
1633 1346 1763 1426 eadem
1792 1374 1886 1450 pena

297 1506 505 1586 solidorum
534 1534 593 1586 tx.
623 1507 668 1584 Et
697 1506 799 1612 quod
829 1505 950 1610 aliqua
969 1532 1125 1608 persona
1154 1504 1200 1583 de
1231 1507 1382 1584 baennis
1401 1504 1460 1584 uel
1481 1504 1530 1584 ibi
1550 1505 1719 1584 habitans
1745 1504 1885 1585 habens

298 1668 456 1747 domum
486 1665 545 1746 uel
575 1664 722 1745 stallum
752 1666 893 1767 inquo
924 1662 981 1742 uel
1010 1691 1081 1768 qua
1110 1681 1180 1742 stat
1208 1664 1268 1743 uel
1296 1662 1379 1742 lacit
1422 1665 1551 1766 ignem
1581 1665 1617 1742 in
1646 1663 1733 1742 uilla
1775 1663 1888 1743 baen-

300 1853 430 1906 narum
460 1844 650 1930 copertam
678 1823 737 1902 uel
768 1842 960 1928 copertum
992 1821 1106 1926 paleis
1134 1849 1198 1900 seu
1227 1823 1381 1901 couibus
1413 1849 1491 1901 non
1520 1824 1636 1927 possit
1667 1821 1724 1902 uel
1753 1822 1885 1902 debeat

298 1985 485 2088 acquirere
514 2010 578 2062 seu
609 2009 731 2061 emere
761 1981 885 2085 aliquo
914 1982 1033 2060 modo
1061 1980 1201 2084 aliquas
1242 1982 1500 2084 possessiones
1530 1980 1596 2059 sub
1625 2009 1719 2085 pena
1748 1981 1889 2060 solido·
1998 2043 2001 2046 -

300 2169 382 2220 rum
411 2169 457 2220 rx
487 2141 703 2221 astensium.
733 2141 805 2219 hoc
835 2139 940 2218 saluo
970 2159 1005 2217 et
1035 2166 1204 2242 expresse
1233 2138 1423 2219 intellecto
1460 2139 1561 2244 quod
1595 2142 1623 2218 si
1653 2140 1802 2219 haberet
1822 2140 1888 2218 do-

302 2328 406 2379 mum
436 2320 626 2405 copertam
654 2299 792 2402 tegulis
820 2327 884 2378 seu
913 2299 1016 2402 copis
1044 2326 1107 2402 per
1135 2298 1232 2377 duos
1259 2325 1394 2402 corpos
1423 2326 1486 2378 seu
1514 2326 1644 2402 passos
1672 2301 1709 2378 in
1738 2299 1824 2379 loco
1848 2301 1885 2378 in

303 2486 378 2562 quo
406 2459 541 2538 faceret
569 2460 699 2562 ignem
719 2458 765 2537 de
795 2485 888 2561 pena
916 2484 993 2536 non
1022 2477 1200 2536 teneatur.
1226 2459 1271 2535 Et
1291 2456 1337 2536 de
1356 2457 1528 2561 predictis
1547 2458 1708 2563 quelibet
1727 2485 1886 2563 persona

301 2619 419 2723 possit
448 2618 533 2697 inde
561 2644 740 2696 accusare.
772 2636 807 2695 et
837 2617 869 2694 ei
899 2617 1107 2695 iuramento
1149 2617 1325 2695 credatur.
1357 2617 1401 2695 Bt
1429 2619 1548 2722 possit
1577 2636 1614 2697 et
1642 2620 1774 2697 debeat
1803 2618 1888 2696 inde

304 2779 485 2882 inquirere
513 2777 558 2856 ad
588 2804 693 2855 suam
723 2775 955 2854 uoluntatem
983 2795 1159 2879 potestas.

304 3170 414 3335 DE
446 3252 564 3331 NON
596 3248 895 3330 RONCANDO
923 3249 977 3329 IN
1010 3248 1234 3329 DEFEXIO
1268 3248 1368 3328 UEL
1395 3249 1450 3326 lN
1478 3247 1604 3327 ALIIS
1638 3245 1890 3326 BANNITIS.

372 3534 545 3661 ‘alb
584 3589 761 3648 statutum
801 3589 858 3647 est
891 3567 990 3672 quod
1029 3570 1058 3645 si
1095 3596 1166 3673 qua
1199 3596 1354 3672 persona
1393 3569 1625 3647 ronchauerit
1667 3570 1726 3648 uel
1768 3570 1900 3650 aculta·

309 3731 401 3808 uerit
420 3728 487 3835 (1)
516 3727 676 3830 aliquam
705 3728 984 3831 possessionem
1013 3728 1050 3805 in
1079 3726 1238 3805 defexio.
1282 3729 1317 3805 in
1349 3726 1494 3805 banallo
1524 3755 1588 3806 seu
1616 3728 1701 3806 alibi
1731 3728 1792 3807 ubi
1822 3757 1899 3833 pre-

308 3888 404 3966 dicta
434 3887 591 3991 proibita
620 3888 692 3965 sint
721 3915 765 3964 ex
795 3885 913 3964 forma
942 3885 1185 3988 capitulorum
1216 3907 1251 3964 et
1280 3886 1626 3965 ordinamentorum
1656 3886 1893 3966 baennarum.

308 4044 408 4149 quod
437 4038 558 4148 aliqua
588 4071 743 4147 persona
773 4071 843 4146 que
873 4044 1074 4146 dampnum
1117 4042 1258 4121 dederit
1300 4071 1385 4121 cum
1415 4044 1540 4123 bestiis
1571 4044 1626 4123 uel
1656 4045 1734 4123 sine
1767 4046 1899 4125 bestiis

248 4174 250 4179 Ι
308 4201 367 4281 uel
396 4201 470 4280 alio
499 4229 734 4305 quocumque
765 4202 882 4280 modo
912 4203 1031 4305 ipsum
1061 4202 1202 4280 dederit
1230 4202 1267 4279 in
1297 4202 1392 4280 dicta
1430 4204 1667 4305 possessione
1696 4205 1893 4283 aronchata

310 4361 386 4439 siue
420 4359 587 4439 acultata.
622 4378 749 4439 contra
787 4358 947 4438 formam
985 4361 1170 4439 dictorum
1208 4359 1451 4464 capitulorum
1485 4382 1521 4439 et
1554 4361 1900 4441 ordinamentorum

311 4547 373 4599 seu
404 4521 440 4598 in
465 4518 584 4623 aliqua
613 4519 682 4597 alia
710 4521 946 4623 possessione
976 4520 1090 4623 ipsius
1117 4546 1274 4624 persone
1302 4521 1524 4623 ubicumque
1554 4522 1600 4598 sit
1628 4522 1664 4598 in
1685 4520 1758 4600 line
1787 4522 1899 4600 baen-

311 4705 550 4782 nasumque
584 4676 708 4756 lecerit
741 4678 921 4757 ronchari.
938 4707 940 4711 ·
957 4678 1014 4756 uel
1056 4677 1204 4756 acultari
1247 4677 1406 4782 aliquam
1448 4680 1737 4781 possessionem.
1773 4699 1900 4759 contra

305 4831 469 4914 lormam
501 4835 686 4913 diciorum
729 4835 972 4938 capitulorum
1002 4855 1037 4913 et
1071 4835 1427 4914 ordinamentorum.
1463 4835 1602 4914 nullam
1640 4863 1774 4939 penam
1813 4837 1899 4916 inde

313 4993 526 5074 substineat.
