4800 6698
998 277 1220 380 LXXXI
1311 366 1312 369 γ

130 717 204 794 340
316 595 519 802 QJOD
547 679 636 758 UIA
664 679 782 761 FIAT
810 681 846 757 A
873 679 1048 761 GURRA
1075 681 1238 763 SUPRA
1265 681 1418 762 SECUS
1448 683 1678 764 COSTAM.

350 1018 353 1024 ’
380 893 561 1097 Quen
589 1017 766 1079 statutum
787 1015 842 1076 est
862 997 963 1101 quod
991 1016 1155 1101 potestas
1182 1014 1348 1109 teneatur
1368 1015 1404 1074 et
1423 997 1554 1076 debeat
1582 980 1698 1099 iacere
1727 997 1912 1101 designari

324 1145 360 1239 et
388 1158 467 1238 fieri
495 1159 595 1237 viam
622 1183 736 1235 unam
763 1154 926 1260 amplam
953 1181 1017 1259 per
1045 1182 1092 1233 xi„
1120 1154 1243 1258 pedes.
1275 1154 1378 1233 saluo
1407 1154 1539 1258 plures.
1555 1182 1576 1233 a
1595 1182 1703 1259 gurra
1732 1182 1848 1260 usque
1867 1156 1913 1236 ad

322 1316 437 1396 finem
475 1317 590 1394 sancti
628 1314 760 1393 albani.
796 1335 872 1392 tam
906 1341 951 1393 ex
980 1331 1080 1417 parte
1109 1330 1144 1390 et
1177 1311 1288 1391 latere
1321 1332 1510 1391 xortarum
1552 1312 1685 1392 banalli
1723 1340 1834 1417 quam
1867 1341 1913 1394 ex

320 1469 393 1553 ¹alia
421 1491 522 1579 parte
542 1472 588 1551 de
609 1471 732 1552 subter
762 1490 880 1551 sortes
907 1471 1099 1576 predictas.
1130 1472 1179 1549 ita
1207 1470 1358 1574 quidem
1386 1471 1487 1573 quod
1509 1472 1538 1549 si
1558 1500 1578 1549 a
1598 1499 1705 1574 gurra
1732 1473 1912 1577 usquead

324 1633 423 1711 uiam
452 1631 690 1710 marencham
718 1630 785 1736 (1)
805 1628 936 1708 alicubi
966 1647 1021 1708 est
1039 1629 1085 1708 de
1105 1630 1268 1708 comuni.
1282 1600 1382 1706 'ultra
1397 1655 1443 1707 xL
1463 1629 1587 1732 pedes.
1609 1631 1730 1734 ipsum
1750 1656 1911 1711 comune

234 1877 264 1904 .-
322 1820 341 1869 a
373 1808 555 1870 seuerato.
585 1787 637 1894 illi
666 1790 727 1892 qui
757 1788 802 1867 ad
830 1788 968 1868 dictam
996 1789 1105 1866 viam¹
1125 1787 1401 1889 designauerint
1434 1787 1629 1891 designare
1653 1779 1694 1866 et
1723 1790 1911 1892 assignare

324 1967 518 2028 teneantur
546 1968 583 2028 et
611 1949 841 2027 aterminare.
871 1948 916 2025 Et
945 1975 965 2024 a
993 1947 1089 2025 dicta
1119 1948 1177 2024 uia
1205 1947 1400 2025 marencha
1430 1973 1535 2049 supra
1564 1973 1680 2050 usque
1721 1947 1767 2026 ad
1796 1947 1910 2028 finem

324 2108 439 2186 sancti
467 2105 599 2186 albani.
629 2133 743 2210 penes
770 2125 925 2184 costam.
956 2105 1067 2184 etiam
1105 2123 1269 2208 potestas
1303 2123 1470 2183 teneatur
1502 2103 1618 2184 facere
1656 2106 1841 2209 designari
1875 2127 1911 2186 et

322 2267 532 2345 aterminari
570 2291 731 2344 comune
759 2293 779 2342 a
808 2282 976 2343 seuerato
1010 2291 1074 2343 seu
1112 2263 1257 2365 speciali
1292 2290 1354 2367 per
1389 2264 1671 2342 aterminatores
1711 2265 1908 2369 predictos,

324 2426 368 2501 Et
396 2424 558 2528 predicta
586 2422 702 2502 faeere
731 2423 808 2502 fieri
837 2439 1003 2501 teneatur
1035 2440 1199 2525 potestas
1228 2420 1318 2500 infra
1346 2449 1460 2500 unum
1502 2449 1671 2501 mensem
1713 2443 1911 2527 postquam

323 2582 495 2660 iurauerit
523 2583 692 2684 regimen
723 2585 958 2660 baennarum.
988 2580 1033 2659 Et
1063 2580 1091 2659 si
1121 2608 1190 2684 qua
1218 2607 1374 2683 persona
1417 2579 1635 2660 laborauerit
1662 2585 1700 2659 in
1728 2580 1825 2659 dicta
1852 2582 1912 2660 uia

324 2739 416 2819 ultra
443 2741 626 2818 terminos
653 2739 850 2843 predictos
882 2738 1003 2819 soluat
1030 2766 1097 2843 pro
1126 2766 1219 2842 pena
1249 2738 1391 2817 solidos
1410 2766 1445 2816 ru
1467 2765 1533 2840 pro
1561 2738 1722 2842 qualibet
1751 2741 1843 2819 uice.
1864 2740 1911 2818 Et

322 2897 483 3001 quelibet
511 2924 668 3002 persona
695 2897 813 3001 possit
842 2897 927 2977 iride
955 2922 1123 2976 accusare
1152 2915 1188 2976 et
1217 2898 1251 2976 ei
1278 2898 1487 2976 iuramento
1516 2898 1692 2976 credatur.

130 3396 199 3473 341
317 3269 427 3433 Du
469 3330 556 3430 xm
596 3301 928 3434 bisinianum
969 3356 1006 3434 A
1047 3356 1135 3436 um
1176 3356 1467 3439 armenem
1507 3360 1678 3456 usQun
1719 3362 1791 3441 AD
1826 3363 1902 3441 BE.

473 3510 699 3591 urrann.

393 3758 419 3787 a
435 3754 471 3790 iss*

389 3803 402 3823 ,r
434 3791 458 3869 s:

390 3833 400 3848 u
414 3831 437 3844 tr

386 3836 560 3926 '‘³¹’AEer
603 3866 780 3925 statutum
823 3866 877 3924 est
919 3846 1019 3948 quod
1062 3865 1225 3948 potestas
1266 3866 1431 3923 teneatur
1464 3844 1579 3923 facere
1609 3847 1680 3923 emi
1711 3875 1729 3923 a
1759 3851 1909 3928 comuni
2034 3942 2035 3946 Ἰ

322 4008 547 4084 baennarum
577 4022 613 4082 et
642 4005 810 4083 extimari
840 4021 876 4081 et
904 4003 1112 4085 aterminari
1142 4023 1177 4080 et
1206 4002 1351 4080 decerni
1384 4022 1493 4105 prout
1527 4003 1707 4080 uidebitur
1736 4021 1816 4081 nu⁰r
1845 4004 1910 4083 ho

321 4163 484 4242 minibus
511 4163 556 4241 ad
585 4163 658 4240 hoe
687 4159 813 4240 electis
841 4161 908 4240 sub
935 4160 1159 4263 prestatione
1188 4180 1318 4238 eorum
1339 4159 1533 4237 iuramenti
1561 4186 1672 4240 unam
1701 4161 1809 4239 uiam.
1829 4187 1909 4240 am-

259 4303 261 4306 ·
320 4321 420 4425 piam
448 4342 495 4399 xt
524 4320 678 4424 pedibus
706 4338 743 4397 et
770 4294 852 4421 plus
880 4347 900 4396 a
928 4318 1026 4396 uado
1054 4318 1113 4395 uie
1143 4317 1338 4395 marenche
1381 4333 1417 4394 et
1458 4316 1692 4396 mundalauie
1725 4319 1907 4422 usquein

291 4487 292 4490 ’
323 4477 521 4558 banalium.
551 4478 612 4582 qui
640 4495 797 4582 quatuor
825 4475 999 4555 homines
1027 4474 1137 4555 nichil
1167 4477 1345 4555 attineant
1364 4474 1582 4554 habentibus
1609 4495 1709 4579 prata
1737 4475 1796 4555 uel
1824 4503 1908 4580 pos-

321 4637 508 4716 sessiones
535 4636 574 4714 in
603 4654 768 4714 contrata
797 4635 858 4712 ubi
887 4634 1052 4712 debuerit
1080 4634 1157 4713 fieri
1188 4653 1223 4711 et
1253 4634 1330 4737 capi
1359 4631 1455 4710 dicta
1483 4633 1555 4710 via.
1595 4633 1638 4710 Et
1681 4633 1752 4712 hoc
1790 4632 1906 4713 facere

321 4794 399 4875 fieri
428 4812 594 4873 teneatur
621 4811 785 4897 potestas
805 4794 842 4870 in
862 4809 1031 4872 mensem
1051 4819 1164 4870 unum
1185 4810 1383 4895 postquam
1402 4791 1571 4894 regimen
1591 4817 1698 4869 suum
1719 4791 1902 4871 iurauerit.

321 4954 375 5033 lta
403 4951 553 5056 quidem
582 4951 682 5055 quod
712 4947 803 5029 facta
832 4950 928 5029 dicta
956 4951 1199 5028 extimatione
1242 4951 1300 5028 uie
1342 4948 1513 5053 predicte.
1547 4967 1713 5052 potestas
1739 4965 1906 5027 teneatur

321 5109 438 5191 facere
468 5109 564 5190 solui
583 5137 603 5188 a
623 5109 773 5188 comuni
794 5110 1018 5194 baennarum
1047 5109 1328 5187 extimationem
1349 5107 1445 5187 dicte
1464 5109 1523 5186 uie
1542 5107 1673 5211 quibus
1692 5106 1905 5209 pertinuerit

321 5269 358 5346 in
388 5293 556 5346 mensem
585 5293 700 5345 unum
729 5266 944 5370 proximum
971 5283 1057 5369 post
1084 5265 1220 5344 dictam
1249 5266 1542 5344 extimationem.
