<?xml version="1.0" encoding="UTF-8"?>
<!DOCTYPE html PUBLIC "-//W3C//DTD XHTML 1.0 Transitional//EN"
    "http://www.w3.org/TR/xhtml1/DTD/xhtml1-transitional.dtd">
<html xmlns="http://www.w3.org/1999/xhtml" xml:lang="en" lang="en">
 <head>
  <title>
</title>
<meta http-equiv="Content-Type" content="text/html;charset=utf-8" />
  <meta name='ocr-system' content='tesseract 3.04.00' />
  <meta name='ocr-capabilities' content='ocr_page ocr_carea ocr_par ocr_line ocrx_word'/>
</head>
<body>
  <div class='ocr_page' id='page_1' title='image "./capitulaetstatu00assagoog_0019.png"; bbox 0 0 4800 6698; ppageno 0'>
   <div class='ocr_carea' id='block_1_1' title="bbox 511 465 1879 1358">
    <p class='ocr_par' dir='ltr' id='par_1_1' title="bbox 511 465 1879 1358">
     <span class='ocr_line' id='line_1_1' title="bbox 631 465 1483 629; baseline -0.004 -50"><span class='ocrx_word' id='word_1_1' title='bbox 631 535 708 580; x_wconf 83' lang='lat' dir='ltr'>xuu.</span> <span class='ocrx_word' id='word_1_2' title='bbox 747 465 823 629; x_wconf 62' lang='lat' dir='ltr'>De</span> <span class='ocrx_word' id='word_1_3' title='bbox 848 513 998 581; x_wconf 82' lang='lat' dir='ltr'>clausuris</span> <span class='ocrx_word' id='word_1_4' title='bbox 1021 511 1172 579; x_wconf 87' lang='lat' dir='ltr'>faciendis</span> <span class='ocrx_word' id='word_1_5' title='bbox 1196 477 1292 579; x_wconf 13' lang='lat' dir='ltr'>inter*</span> <span class='ocrx_word' id='word_1_6' title='bbox 1308 530 1483 579; x_wconf 86' lang='lat' dir='ltr'><strong>consortes.</strong></span> 
     </span>
     <span class='ocr_line' id='line_1_2' title="bbox 743 704 1879 886; baseline 0 -62"><span class='ocrx_word' id='word_1_7' title='bbox 743 704 880 886; x_wconf 64' lang='lat' dir='ltr'>Quod</span> <span class='ocrx_word' id='word_1_8' title='bbox 902 760 1075 846; x_wconf 87' lang='lat' dir='ltr'>piscatores</span> <span class='ocrx_word' id='word_1_9' title='bbox 1098 774 1226 844; x_wconf 89' lang='lat' dir='ltr'>portent</span> <span class='ocrx_word' id='word_1_10' title='bbox 1256 758 1359 844; x_wconf 85' lang='lat' dir='ltr'>pisces</span> <span class='ocrx_word' id='word_1_11' title='bbox 1383 754 1422 822; x_wconf 89' lang='lat' dir='ltr'>ad</span> <span class='ocrx_word' id='word_1_12' title='bbox 1446 755 1638 823; x_wconf 88' lang='lat' dir='ltr'>uendendun</span> <span class='ocrx_word' id='word_1_13' title='bbox 1661 758 1695 824; x_wconf 89' lang='lat' dir='ltr'>in</span> <span class='ocrx_word' id='word_1_14' title='bbox 1718 756 1853 846; x_wconf 87' lang='lat' dir='ltr'>plathea.</span> <span class='ocrx_word' id='word_1_15' title='bbox 1877 822 1879 824; x_wconf 78' lang='grc'>,</span> 
     </span>
     <span class='ocr_line' id='line_1_3' title="bbox 511 952 1400 1115; baseline 0.001 -51"><span class='ocrx_word' id='word_1_16' title='bbox 511 965 549 1064; x_wconf 79' lang='lat' dir='ltr'>f·</span> <span class='ocrx_word' id='word_1_17' title='bbox 652 1023 706 1067; x_wconf 86' lang='lat' dir='ltr'>xv.</span> <span class='ocrx_word' id='word_1_18' title='bbox 746 952 821 1115; x_wconf 65' lang='lat' dir='ltr'>De</span> <span class='ocrx_word' id='word_1_19' title='bbox 845 1000 933 1068; x_wconf 91' lang='lat' dir='ltr'>libris</span> <span class='ocrx_word' id='word_1_20' title='bbox 957 1018 987 1067; x_wconf 89' lang='lat' dir='ltr'>et</span> <span class='ocrx_word' id='word_1_21' title='bbox 1012 1001 1169 1067; x_wconf 86' lang='lat' dir='ltr'>mensuris</span> <span class='ocrx_word' id='word_1_22' title='bbox 1193 1000 1400 1088; x_wconf 88' lang='lat' dir='ltr'>inquirendis.</span> 
     </span>
     <span class='ocr_line' id='line_1_4' title="bbox 653 1198 1414 1358; baseline -0.005 -43"><span class='ocrx_word' id='word_1_23' title='bbox 653 1251 654 1254; x_wconf 70' lang='grc'>’</span> <span class='ocrx_word' id='word_1_24' title='bbox 746 1198 820 1358; x_wconf 65' lang='lat' dir='ltr'>De</span> <span class='ocrx_word' id='word_1_25' title='bbox 845 1248 1002 1314; x_wconf 88' lang='lat' dir='ltr'>mensuris</span> <span class='ocrx_word' id='word_1_26' title='bbox 1026 1264 1057 1313; x_wconf 91' lang='lat' dir='ltr'>et</span> <span class='ocrx_word' id='word_1_27' title='bbox 1079 1247 1179 1333; x_wconf 89' lang='lat' dir='ltr'>pessis</span> <span class='ocrx_word' id='word_1_28' title='bbox 1208 1245 1414 1312; x_wconf 88' lang='lat' dir='ltr'>recercandis.</span> 
     </span>
    </p>
   </div>
   <div class='ocr_carea' id='block_1_2' title="bbox 745 1443 1001 1565">
    <p class='ocr_par' dir='ltr' id='par_1_2' title="bbox 745 1443 1001 1565">
     <span class='ocr_line' id='line_1_5' title="bbox 745 1443 1001 1565; baseline 0 -7"><span class='ocrx_word' id='word_1_29' title='bbox 745 1443 820 1565; x_wconf 82' lang='lat' dir='ltr'>De</span> <span class='ocrx_word' id='word_1_30' title='bbox 844 1491 1001 1560; x_wconf 86' lang='lat' dir='ltr'>lomariis.</span> 
     </span>
    </p>
   </div>
   <div class='ocr_carea' id='block_1_3' title="bbox 641 1684 1812 1852">
    <p class='ocr_par' dir='ltr' id='par_1_3' title="bbox 641 1684 1812 1852">
     <span class='ocr_line' id='line_1_6' title="bbox 641 1684 1812 1852; baseline 0 -48"><span class='ocrx_word' id='word_1_31' title='bbox 641 1775 705 1819; x_wconf 61' lang='grc' dir='ltr'>Μ</span> <span class='ocrx_word' id='word_1_32' title='bbox 745 1684 882 1852; x_wconf 81' lang='lat' dir='ltr'>Quod</span> <span class='ocrx_word' id='word_1_33' title='bbox 906 1737 1079 1825; x_wconf 85' lang='lat' dir='ltr'>lignamina</span> <span class='ocrx_word' id='word_1_34' title='bbox 1103 1738 1267 1804; x_wconf 88' lang='lat' dir='ltr'>materiata</span> <span class='ocrx_word' id='word_1_35' title='bbox 1290 1758 1355 1803; x_wconf 93' lang='lat' dir='ltr'>non</span> <span class='ocrx_word' id='word_1_36' title='bbox 1384 1736 1587 1804; x_wconf 86' lang='lat' dir='ltr'>extrahantur</span> <span class='ocrx_word' id='word_1_37' title='bbox 1609 1737 1649 1804; x_wconf 92' lang='lat' dir='ltr'>de</span> <span class='ocrx_word' id='word_1_38' title='bbox 1673 1738 1812 1805; x_wconf 92' lang='lat' dir='ltr'>baennis.</span> 
     </span>
    </p>
   </div>
   <div class='ocr_carea' id='block_1_4' title="bbox 606 1927 1722 2828">
    <p class='ocr_par' dir='ltr' id='par_1_4' title="bbox 606 1927 1722 2339">
     <span class='ocr_line' id='line_1_7' title="bbox 606 1927 1722 2097; baseline 0.003 -51"><span class='ocrx_word' id='word_1_39' title='bbox 606 2017 705 2064; x_wconf 67' lang='lat' dir='ltr'>xvflfl,</span> <span class='ocrx_word' id='word_1_40' title='bbox 744 1927 883 2097; x_wconf 80' lang='lat' dir='ltr'>Quod</span> <span class='ocrx_word' id='word_1_41' title='bbox 905 2003 971 2047; x_wconf 94' lang='lat' dir='ltr'>non</span> <span class='ocrx_word' id='word_1_42' title='bbox 994 1997 1173 2068; x_wconf 88' lang='lat' dir='ltr'>prestentur</span> <span class='ocrx_word' id='word_1_43' title='bbox 1196 1980 1296 2048; x_wconf 93' lang='lat' dir='ltr'>boues</span> <span class='ocrx_word' id='word_1_44' title='bbox 1322 1981 1491 2049; x_wconf 91' lang='lat' dir='ltr'>hominum</span> <span class='ocrx_word' id='word_1_45' title='bbox 1519 1982 1722 2049; x_wconf 89' lang='lat' dir='ltr'>baennarum.</span> 
     </span>
     <span class='ocr_line' id='line_1_8' title="bbox 653 2174 1194 2339; baseline 0.006 -51"><span class='ocrx_word' id='word_1_46' title='bbox 653 2247 703 2289; x_wconf 79' lang='lat' dir='ltr'>xx.</span> <span class='ocrx_word' id='word_1_47' title='bbox 743 2174 820 2339; x_wconf 65' lang='lat' dir='ltr'>De</span> <span class='ocrx_word' id='word_1_48' title='bbox 845 2225 1029 2292; x_wconf 88' lang='lat' dir='ltr'>custodibus</span> <span class='ocrx_word' id='word_1_49' title='bbox 1052 2226 1194 2312; x_wconf 89' lang='lat' dir='ltr'>priuatis.</span> 
     </span>
    </p>

    <p class='ocr_par' dir='ltr' id='par_1_5' title="bbox 628 2418 1477 2582">
     <span class='ocr_line' id='line_1_9' title="bbox 628 2418 1477 2582; baseline 0.006 -49"><span class='ocrx_word' id='word_1_50' title='bbox 628 2489 703 2534; x_wconf 85' lang='lat' dir='ltr'>xxrr.</span> <span class='ocrx_word' id='word_1_51' title='bbox 743 2418 819 2582; x_wconf 67' lang='lat' dir='ltr'>De</span> <span class='ocrx_word' id='word_1_52' title='bbox 842 2468 988 2537; x_wconf 89' lang='lat' dir='ltr'>ducendo</span> <span class='ocrx_word' id='word_1_53' title='bbox 1011 2491 1126 2558; x_wconf 88' lang='lat' dir='ltr'>aquam</span> <span class='ocrx_word' id='word_1_54' title='bbox 1151 2468 1248 2537; x_wconf 90' lang='lat' dir='ltr'>bealis</span> <span class='ocrx_word' id='word_1_55' title='bbox 1273 2454 1477 2538; x_wconf 88' lang='lat' dir='ltr'>baennarum.</span> 
     </span>
    </p>

    <p class='ocr_par' dir='ltr' id='par_1_6' title="bbox 614 2662 1555 2828">
     <span class='ocr_line' id='line_1_10' title="bbox 614 2662 1555 2828; baseline 0.003 -50"><span class='ocrx_word' id='word_1_56' title='bbox 614 2735 702 2782; x_wconf 81' lang='lat' dir='ltr'>xxm.</span> <span class='ocrx_word' id='word_1_57' title='bbox 740 2662 818 2828; x_wconf 65' lang='lat' dir='ltr'>De</span> <span class='ocrx_word' id='word_1_58' title='bbox 842 2713 992 2780; x_wconf 89' lang='lat' dir='ltr'>clausuris</span> <span class='ocrx_word' id='word_1_59' title='bbox 1016 2713 1089 2780; x_wconf 90' lang='lat' dir='ltr'>uille</span> <span class='ocrx_word' id='word_1_60' title='bbox 1113 2713 1306 2781; x_wconf 86' lang='lat' dir='ltr'>baennarum</span> <span class='ocrx_word' id='word_1_61' title='bbox 1331 2713 1555 2781; x_wconf 88' lang='lat' dir='ltr'>custodiendis.</span> 
     </span>
    </p>
   </div>
   <div class='ocr_carea' id='block_1_5' title="bbox 604 2905 1551 3046">
    <p class='ocr_par' dir='ltr' id='par_1_7' title="bbox 604 2905 1551 3046">
     <span class='ocr_line' id='line_1_11' title="bbox 604 2905 1551 3046; baseline 0 -22"><span class='ocrx_word' id='word_1_62' title='bbox 604 2978 703 3025; x_wconf 81' lang='lat' dir='ltr'>xxrnr.</span> <span class='ocrx_word' id='word_1_63' title='bbox 743 2905 819 3028; x_wconf 83' lang='lat' dir='ltr'>De</span> <span class='ocrx_word' id='word_1_64' title='bbox 843 2976 925 3023; x_wconf 85' lang='lat' dir='ltr'>terra</span> <span class='ocrx_word' id='word_1_65' title='bbox 948 2978 1013 3024; x_wconf 91' lang='lat' dir='ltr'>non</span> <span class='ocrx_word' id='word_1_66' title='bbox 1037 2957 1187 3045; x_wconf 88' lang='lat' dir='ltr'>capienda</span> <span class='ocrx_word' id='word_1_67' title='bbox 1209 2980 1267 3046; x_wconf 91' lang='lat' dir='ltr'>per</span> <span class='ocrx_word' id='word_1_68' title='bbox 1290 2959 1376 3024; x_wconf 83' lang='lat' dir='ltr'>uiam</span> <span class='ocrx_word' id='word_1_69' title='bbox 1401 2958 1551 3026; x_wconf 91' lang='lat' dir='ltr'>canalete.</span> 
     </span>
    </p>
   </div>
   <div class='ocr_carea' id='block_1_6' title="bbox 597 3150 1459 3291">
    <p class='ocr_par' dir='ltr' id='par_1_8' title="bbox 597 3150 1459 3291">
     <span class='ocr_line' id='line_1_12' title="bbox 597 3150 1459 3291; baseline 0.002 -22"><span class='ocrx_word' id='word_1_70' title='bbox 597 3225 599 3229; x_wconf 45' lang='lat'><strong>¹</strong></span> <span class='ocrx_word' id='word_1_71' title='bbox 630 3224 705 3269; x_wconf 82' lang='lat' dir='ltr'>xxx.</span> <span class='ocrx_word' id='word_1_72' title='bbox 745 3150 821 3273; x_wconf 83' lang='lat' dir='ltr'>De</span> <span class='ocrx_word' id='word_1_73' title='bbox 844 3201 1029 3269; x_wconf 84' lang='lat' dir='ltr'>facientibus</span> <span class='ocrx_word' id='word_1_74' title='bbox 1052 3225 1168 3291; x_wconf 91' lang='lat' dir='ltr'>panem</span> <span class='ocrx_word' id='word_1_75' title='bbox 1191 3203 1230 3271; x_wconf 83' lang='lat' dir='ltr'>ad</span> <span class='ocrx_word' id='word_1_76' title='bbox 1246 3202 1459 3271; x_wconf 89' lang='lat' dir='ltr'>uendendum.</span> 
     </span>
    </p>
   </div>
   <div class='ocr_carea' id='block_1_7' title="bbox 743 3393 1415 3563">
    <p class='ocr_par' dir='ltr' id='par_1_9' title="bbox 743 3393 1415 3563">
     <span class='ocr_line' id='line_1_13' title="bbox 743 3393 1415 3563; baseline -0.001 -48"><span class='ocrx_word' id='word_1_77' title='bbox 743 3393 880 3563; x_wconf 83' lang='lat' dir='ltr'>Quod</span> <span class='ocrx_word' id='word_1_78' title='bbox 905 3449 1015 3514; x_wconf 91' lang='lat' dir='ltr'>uinum</span> <span class='ocrx_word' id='word_1_79' title='bbox 1038 3448 1191 3515; x_wconf 89' lang='lat' dir='ltr'>uendatur</span> <span class='ocrx_word' id='word_1_80' title='bbox 1212 3448 1252 3516; x_wconf 95' lang='lat' dir='ltr'>ad</span> <span class='ocrx_word' id='word_1_81' title='bbox 1283 3450 1415 3537; x_wconf 88' lang='lat' dir='ltr'>pintam.</span> 
     </span>
    </p>
   </div>
   <div class='ocr_carea' id='block_1_8' title="bbox 744 3640 969 3763">
    <p class='ocr_par' dir='ltr' id='par_1_10' title="bbox 744 3640 969 3763">
     <span class='ocr_line' id='line_1_14' title="bbox 744 3640 969 3763; baseline -0.018 0"><span class='ocrx_word' id='word_1_82' title='bbox 744 3640 820 3763; x_wconf 83' lang='lat' dir='ltr'>De</span> <span class='ocrx_word' id='word_1_83' title='bbox 843 3692 969 3760; x_wconf 90' lang='lat' dir='ltr'>eodem.</span> 
     </span>
    </p>
   </div>
   <div class='ocr_carea' id='block_1_9' title="bbox 504 3882 1441 4060">
    <p class='ocr_par' dir='ltr' id='par_1_11' title="bbox 504 3882 1441 4060">
     <span class='ocr_line' id='line_1_15' title="bbox 504 3882 1441 4060; baseline 0.002 -57"><span class='ocrx_word' id='word_1_84' title='bbox 504 3910 542 4010; x_wconf 85' lang='lat' dir='ltr'>f.</span> <span class='ocrx_word' id='word_1_85' title='bbox 567 3967 698 4014; x_wconf 66' lang='lat' dir='ltr'>xxxvnn</span> <span class='ocrx_word' id='word_1_86' title='bbox 743 3882 881 4060; x_wconf 62' lang='lat' dir='ltr'>Quod</span> <span class='ocrx_word' id='word_1_87' title='bbox 904 3957 1016 4024; x_wconf 91' lang='lat' dir='ltr'>sepum</span> <span class='ocrx_word' id='word_1_88' title='bbox 1039 3958 1105 4003; x_wconf 95' lang='lat' dir='ltr'>non</span> <span class='ocrx_word' id='word_1_89' title='bbox 1128 3935 1276 4004; x_wconf 89' lang='lat' dir='ltr'>fundatur</span> <span class='ocrx_word' id='word_1_90' title='bbox 1298 3938 1332 4004; x_wconf 91' lang='lat' dir='ltr'>in</span> <span class='ocrx_word' id='word_1_91' title='bbox 1356 3936 1441 4005; x_wconf 89' lang='lat' dir='ltr'>uilla.</span> 
     </span>
    </p>
   </div>
   <div class='ocr_carea' id='block_1_10' title="bbox 503 4128 2018 4781">
    <p class='ocr_par' dir='ltr' id='par_1_12' title="bbox 503 4128 2018 4781">
     <span class='ocr_line' id='line_1_16' title="bbox 743 4128 1139 4288; baseline 0.003 -42"><span class='ocrx_word' id='word_1_92' title='bbox 743 4128 819 4288; x_wconf 67' lang='lat' dir='ltr'>De</span> <span class='ocrx_word' id='word_1_93' title='bbox 841 4179 923 4246; x_wconf 93' lang='lat' dir='ltr'>ludis</span> <span class='ocrx_word' id='word_1_94' title='bbox 945 4179 1139 4248; x_wconf 82' lang='lat' dir='ltr'>taxillorum.</span> 
     </span>
     <span class='ocr_line' id='line_1_17' title="bbox 742 4372 2018 4535; baseline 0.007 -45"><span class='ocrx_word' id='word_1_95' title='bbox 742 4372 819 4535; x_wconf 68' lang='lat' dir='ltr'>De</span> <span class='ocrx_word' id='word_1_96' title='bbox 843 4423 995 4491; x_wconf 88' lang='lat' dir='ltr'>clausuris</span> <span class='ocrx_word' id='word_1_97' title='bbox 1019 4423 1099 4491; x_wconf 92' lang='lat' dir='ltr'>uille-</span> <span class='ocrx_word' id='word_1_98' title='bbox 1116 4446 1183 4492; x_wconf 91' lang='lat' dir='ltr'>non</span> <span class='ocrx_word' id='word_1_99' title='bbox 1206 4423 1383 4492; x_wconf 84' lang='lat' dir='ltr'>auferendis</span> <span class='ocrx_word' id='word_1_100' title='bbox 1406 4441 1437 4491; x_wconf 90' lang='lat' dir='ltr'>et</span> <span class='ocrx_word' id='word_1_101' title='bbox 1460 4425 1694 4494; x_wconf 87' lang='lat' dir='ltr'>transeuntibus</span> <span class='ocrx_word' id='word_1_102' title='bbox 1716 4429 1779 4495; x_wconf 93' lang='lat' dir='ltr'>nisi</span> <span class='ocrx_word' id='word_1_103' title='bbox 1802 4450 1858 4517; x_wconf 92' lang='lat' dir='ltr'>per</span> <span class='ocrx_word' id='word_1_104' title='bbox 1881 4448 2018 4518; x_wconf 88' lang='lat' dir='ltr'>portam.</span> 
     </span>
     <span class='ocr_line' id='line_1_18' title="bbox 503 4618 1871 4781; baseline 0.01 -53"><span class='ocrx_word' id='word_1_105' title='bbox 503 4629 540 4728; x_wconf 81' lang='lat' dir='ltr'>f·</span> <span class='ocrx_word' id='word_1_106' title='bbox 649 4687 699 4733; x_wconf 79' lang='lat' dir='ltr'>xt.</span> <span class='ocrx_word' id='word_1_107' title='bbox 742 4618 819 4781; x_wconf 67' lang='lat' dir='ltr'>De</span> <span class='ocrx_word' id='word_1_108' title='bbox 842 4669 978 4737; x_wconf 89' lang='lat' dir='ltr'>carbone</span> <span class='ocrx_word' id='word_1_109' title='bbox 1002 4690 1067 4736; x_wconf 91' lang='lat' dir='ltr'>non</span> <span class='ocrx_word' id='word_1_110' title='bbox 1089 4668 1234 4737; x_wconf 85' lang='lat' dir='ltr'>ducendo</span> <span class='ocrx_word' id='word_1_111' title='bbox 1258 4686 1345 4736; x_wconf 88' lang='lat' dir='ltr'>extra</span> <span class='ocrx_word' id='word_1_112' title='bbox 1356 4667 1466 4736; x_wconf 87' lang='lat' dir='ltr'>uillam</span> <span class='ocrx_word' id='word_1_113' title='bbox 1489 4688 1521 4738; x_wconf 90' lang='lat' dir='ltr'>et</span> <span class='ocrx_word' id='word_1_114' title='bbox 1543 4669 1642 4738; x_wconf 91' lang='lat' dir='ltr'>finem</span> <span class='ocrx_word' id='word_1_115' title='bbox 1666 4671 1871 4741; x_wconf 87' lang='lat' dir='ltr'>baennarum.</span> 
     </span>
    </p>
   </div>
   <div class='ocr_carea' id='block_1_11' title="bbox 742 4864 1356 5024">
    <p class='ocr_par' dir='ltr' id='par_1_13' title="bbox 742 4864 1356 5024">
     <span class='ocr_line' id='line_1_19' title="bbox 742 4864 1356 5024; baseline -0.002 -42"><span class='ocrx_word' id='word_1_116' title='bbox 742 4864 819 5024; x_wconf 70' lang='lat' dir='ltr'>De</span> <span class='ocrx_word' id='word_1_117' title='bbox 842 4916 920 4983; x_wconf 93' lang='lat' dir='ltr'>uino</span> <span class='ocrx_word' id='word_1_118' title='bbox 937 4932 1086 4984; x_wconf 85' lang='lat' dir='ltr'>extraneo</span> <span class='ocrx_word' id='word_1_119' title='bbox 1111 4939 1177 4984; x_wconf 92' lang='lat' dir='ltr'>non</span> <span class='ocrx_word' id='word_1_120' title='bbox 1198 4913 1356 4984; x_wconf 89' lang='lat' dir='ltr'>ducendo.</span> 
     </span>
    </p>
   </div>
   <div class='ocr_carea' id='block_1_12' title="bbox 501 5090 1497 5269">
    <p class='ocr_par' dir='ltr' id='par_1_14' title="bbox 501 5090 1497 5269">
     <span class='ocr_line' id='line_1_20' title="bbox 501 5090 1497 5269; baseline -0.007 -52"><span class='ocrx_word' id='word_1_121' title='bbox 501 5118 539 5217; x_wconf 80' lang='lat' dir='ltr'>f·</span> <span class='ocrx_word' id='word_1_122' title='bbox 635 5176 698 5222; x_wconf 73' lang='lat' dir='ltr'>nu,</span> <span class='ocrx_word' id='word_1_123' title='bbox 745 5090 882 5269; x_wconf 63' lang='lat' dir='ltr'>Quod</span> <span class='ocrx_word' id='word_1_124' title='bbox 905 5146 1018 5212; x_wconf 91' lang='lat' dir='ltr'>uinum</span> <span class='ocrx_word' id='word_1_125' title='bbox 1042 5167 1108 5212; x_wconf 94' lang='lat' dir='ltr'>non</span> <span class='ocrx_word' id='word_1_126' title='bbox 1130 5144 1223 5212; x_wconf 87' lang='lat' dir='ltr'>detur</span> <span class='ocrx_word' id='word_1_127' title='bbox 1247 5143 1394 5212; x_wconf 91' lang='lat' dir='ltr'>ferrariis.</span> <span class='ocrx_word' id='word_1_128' title='bbox 1469 5173 1497 5187; x_wconf 45' lang='lat'>*-</span> 
     </span>
    </p>
   </div>
   <div class='ocr_carea' id='block_1_13' title="bbox 502 5334 1667 5504">
    <p class='ocr_par' dir='ltr' id='par_1_15' title="bbox 502 5334 1667 5504">
     <span class='ocr_line' id='line_1_21' title="bbox 502 5334 1667 5504; baseline 0.012 -60"><span class='ocrx_word' id='word_1_129' title='bbox 502 5346 539 5444; x_wconf 72' lang='lat' dir='ltr'>f-</span> <span class='ocrx_word' id='word_1_130' title='bbox 625 5404 699 5450; x_wconf 76' lang='lat' dir='ltr'>xiii.</span> <span class='ocrx_word' id='word_1_131' title='bbox 746 5334 884 5504; x_wconf 82' lang='lat' dir='ltr'>Quod</span> <span class='ocrx_word' id='word_1_132' title='bbox 907 5411 999 5478; x_wconf 90' lang='lat' dir='ltr'>crapa</span> <span class='ocrx_word' id='word_1_133' title='bbox 1022 5387 1097 5457; x_wconf 87' lang='lat' dir='ltr'>ferri</span> <span class='ocrx_word' id='word_1_134' title='bbox 1120 5411 1187 5457; x_wconf 92' lang='lat' dir='ltr'>non</span> <span class='ocrx_word' id='word_1_135' title='bbox 1208 5406 1346 5479; x_wconf 86' lang='lat' dir='ltr'>ponatur</span> <span class='ocrx_word' id='word_1_136' title='bbox 1368 5391 1402 5456; x_wconf 90' lang='lat' dir='ltr'>in</span> <span class='ocrx_word' id='word_1_137' title='bbox 1432 5391 1494 5457; x_wconf 90' lang='lat' dir='ltr'>uiis</span> <span class='ocrx_word' id='word_1_138' title='bbox 1523 5388 1667 5478; x_wconf 89' lang='lat' dir='ltr'>publicis.</span> 
     </span>
    </p>
   </div>
   <div class='ocr_carea' id='block_1_14' title="bbox 0 0 2404 6695">
    <p class='ocr_par' dir='ltr' id='par_1_16' title="bbox 0 0 2404 6695">
     <span class='ocr_line' id='line_1_22' title="bbox 0 0 2404 6695; baseline 0 0"><span class='ocrx_word' id='word_1_139' title='bbox 0 0 2404 6695; x_wconf 95' lang='lat' dir='ltr'> </span> 
     </span>
    </p>
   </div>
  </div>
 </body>
</html>
