4800 6698
984 234 1181 333 LXXX

95 659 170 737 334
289 552 398 716 DE
427 634 663 713 FOSSATO
692 635 775 714 UIE
803 636 1051 716 PERNALLl
1078 635 1497 716 MANUTENENDO.

351 851 529 1054 ἤτω
557 966 736 1027 statutum
756 946 931 1051 estquod
952 946 1105 1052 quilibet
1133 946 1273 1027 habens
1301 967 1435 1027 terram
1454 974 1517 1052 per
1537 949 1636 1027 viam
1665 947 1817 1053 pernalli
1835 948 1880 1028 ab

289 1134 363 1186 una
376 1124 477 1212 parte
491 1105 551 1186 uel
567 1106 637 1185 alia
655 1105 816 1210 predicte
835 1106 895 1185 uie
915 1133 935 1184 a
954 1103 1095 1185 fossato
1115 1105 1294 1209 ayralium
1321 1132 1438 1210 usque
1465 1105 1511 1184 ad
1539 1124 1673 1185 terram
1701 1107 1881 1206 Johannis

292 1262 474 1345 saluastici
508 1281 675 1343 teneatur
703 1281 739 1343 et
767 1264 899 1343 debeat
935 1262 1052 1343 facere
1081 1281 1117 1342 et
1145 1281 1385 1342 manutenere
1413 1281 1529 1342 unum
1562 1261 1742 1342 fossatum
1770 1263 1816 1343 de
1844 1289 1882 1342 111

291 1441 328 1504 et
356 1449 407 1503 uu
434 1421 596 1526 pedibus·
617 1420 821 1501 secundum
849 1421 950 1525 quod
979 1420 1163 1500 uidebitur
1190 1421 1419 1500 conueniens
1437 1420 1583 1500 duobus
1601 1419 1817 1501 hominibus
1835 1418 1880 1499 ad

285 1580 364 1679 *hoc
393 1578 520 1660 electis
548 1581 615 1678 sub
642 1606 737 1682 pena
765 1577 972 1659 solidorum
999 1605 1038 1658 111
1065 1606 1133 1683 pro
1162 1578 1323 1683 qualibet
1340 1604 1499 1683 persona
1517 1605 1588 1683 que
1617 1576 1880 1658 contrafecerit.

291 1739 337 1818 Et
363 1756 530 1843 potestas
557 1756 724 1816 teneatur
752 1735 868 1816 lacere
910 1734 1051 1815 attendi
1093 1736 1236 1816 dictum
1278 1735 1491 1840 capitulum.
1522 1754 1558 1816 et
1587 1734 1687 1840 quod
1716 1753 1883 1815 teneatur

291 1897 484 2000 inquirere.

97 2391 166 2471 335
287 2285 396 2447 DE
426 2366 513 2445 VIA
537 2367 771 2448 COMUNIS
799 2368 916 2448 NON
944 2367 1239 2451 STOPANDA.

349 2582 530 2783 fflrnn
550 2682 650 2786 quod
678 2681 798 2787 aliqua
825 2709 985 2786 persona
1012 2708 1090 2761 non
1119 2681 1237 2785 possit
1265 2708 1333 2761 nec
1362 2680 1493 2760 debeat
1519 2699 1669 2784 stopare
1696 2678 1757 2758 uel
1787 2677 1882 2758 clau·

292 2842 379 2922 dere
417 2868 481 2920 seu
510 2839 688 2944 impedire
716 2839 879 2944 aliquam
921 2841 1021 2919 uiam
1062 2866 1266 2919 comunem
1295 2843 1362 2919 sub
1391 2865 1484 2944 pena
1513 2836 1721 2917 solidorum
1748 2864 1787 2917 111
1814 2863 1883 2941 pro

292 2997 454 3104 qualibet
482 3025 640 3103 persona
668 2998 821 3102 quocies
861 2995 1128 3077 contrafecerit.
1172 2997 1276 3077 saluo
1318 2997 1419 3102 quod
1460 3015 1626 3101 potestas
1652 2996 1771 3100 possit
1799 2995 1884 3076 dare

292 3155 479 3237 licentiam
508 3155 554 3236 de
582 3157 745 3235 trabibus
772 3157 867 3260 aptis
894 3156 940 3234 ad
970 3155 1178 3236 sedendum
1221 3175 1257 3235 et
1299 3155 1346 3235 de
1388 3153 1553 3234 banchis,
1576 3153 1805 3233 mestralium
1833 3172 1885 3233 te-

293 3315 426 3394 nendis
455 3341 562 3418 super
591 3315 755 3393 comuni.

100 3793 172 3901 335
285 3700 487 3907 Qooo
515 3784 761 3865 connum
789 3788 1148 3870 cosmnnonn
1166 3757 1630 3874 nummuumrun.

348 3999 442 4200 Q
454 4129 532 4183 Tru
561 4120 739 4182 statutum
759 4102 935 4206 estquod
964 4119 1130 4205 potestas
1160 4104 1384 4179 baennarum
1412 4118 1579 4200 teneatur
1598 4099 1714 4179 lacere
1742 4101 1888 4179 atermi-

295 4289 381 4342 nare
410 4263 584 4340 comunia
613 4279 856 4364 costemagne
886 4279 922 4339 et
951 4259 1049 4364 lequi
1078 4261 1116 4338 in
1144 4286 1314 4338 mensem
1334 4286 1450 4338 unum
1478 4278 1675 4364 postquam
1703 4259 1885 4337 iurauerit.

295 4421 342 4498 Et
369 4420 441 4497 hoc
470 4417 568 4498 lacto
597 4419 698 4522 quod
727 4435 892 4522 potestas
919 4436 1087 4497 teneatur
1115 4393 1180 4496 ire
1195 4442 1282 4494 cum
1310 4417 1463 4495 comuni
1492 4414 1728 4495 baennarum.
1749 4415 1888 4496 scilicet

296 4576 342 4656 de
371 4575 533 4680 qualibet
562 4576 681 4654 domo
709 4602 805 4654 unus
831 4574 951 4654 homo
980 4575 1025 4653 ad
1055 4573 1277 4653 uastandum
1307 4590 1343 4652 et
1371 4572 1627 4677 discipandum
1656 4572 1789 4676 godias
1817 4600 1888 4677 que

299 4751 405 4813 erunt
425 4761 532 4838 super
565 4733 661 4813 dicta
694 4734 869 4812 comunia
896 4760 960 4837 per
988 4759 1026 4812 111
1054 4757 1204 4811 menses
1233 4730 1279 4810 de
1307 4756 1436 4810 mense
1474 4730 1587 4809 madii
1616 4731 1706 4809 iunii
1735 4747 1771 4809 et
1799 4728 1888 4809 iulii.

152 4992 156 5000 Ι
263 5003 265 5007 ⁴
297 4909 333 4971 et
361 4890 529 4996 quolibet
556 4891 743 4969 dictorum
771 4890 958 4970 mensium
987 4888 1117 4969 semel.
