4800 6698
382 677 455 755 229
571 595 689 762 Dr.
710 671 959 758 PERsotus
982 663 1580 756 mremocnrrsmrune
1599 669 1680 752 no
1706 665 2038 752 msrnurran
2058 601 2168 793 jau?

636 1048 814 1254 ffiren
842 1163 1020 1224 statutum
1049 1163 1105 1223 est
1132 1143 1234 1248 quod
1264 1145 1293 1222 si
1322 1170 1393 1246 qua
1434 1168 1592 1247 persona
1633 1143 1859 1245 interrogata
1887 1137 1994 1218 fuerit
2025 1140 2064 1217 in
2092 1139 2169 1217 iure

577 1304 622 1383 ad
651 1304 866 1383 instantiam
893 1302 1047 1382 alicuius
1074 1329 1232 1407 persone
1260 1302 1290 1381 si
1319 1301 1398 1380 uult
1427 1327 1506 1380 esse
1535 1296 1641 1379 heres
1668 1298 1832 1377 alicuius.
1863 1296 1922 1377 uel
1952 1297 1982 1375 si
2010 1314 2113 1405 tenet
2132 1316 2169 1375 et

576 1462 744 1568 possidet
771 1461 831 1542 uel
859 1461 1071 1542 deffendere
1099 1460 1179 1548 uult
1206 1459 1475 1563 aliquam-rem
1495 1456 1731 1537 immobilem
1751 1476 1918 1536 teneatur
1945 1455 2169 1560 respondere

576 1621 672 1702 dicte
701 1621 986 1724 interrogationi
1016 1620 1094 1699 sine
1123 1618 1314 1698 oblatione
1341 1616 1455 1697 libelli
1483 1616 1543 1697 uel
1572 1615 1720 1696 alterius
1747 1616 1951 1720 petitionis.

574 1964 686 2165 De
711 2042 1189 2129 mamuocuronns
1215 2018 1490 2125 reposans.

637 2261 811 2468 &aare
840 2389 1020 2449 statutum
1048 2389 1104 2448 est
1131 2368 1233 2473 quod
1262 2370 1292 2448 si
1321 2397 1392 2473 que
1420 2395 1579 2474 persona
1598 2369 1814 2473 opposuerit
1833 2366 2032 2471 interloqui
2061 2394 2168 2472 super

574 2526 695 2632 aliqua
723 2531 919 2632 questione
947 2547 1113 2634 potestas
1131 2547 1298 2608 teneatur
1317 2526 1434 2607 facere
1455 2527 1551 2607 solui
1570 2527 1816 2606 incontinenti
1845 2546 1882 2604 et
1909 2527 2052 2605 restitui
2074 2527 2167 2629 parti

574 2687 759 2766 obtinenti
787 2713 970 2792 expensas
998 2714 1088 2791 quas
1117 2686 1241 2766 fecerit
1270 2687 1468 2765 occasione
1496 2686 1612 2790 ipsius
1639 2686 1857 2789 questionis.
1887 2686 1932 2764 Et
1961 2685 2034 2764 hoc
2062 2684 2167 2790 intel·

573 2844 709 2948 ligatur
729 2846 759 2923 si
778 2871 861 2948 pars
879 2844 1032 2940 aduersa
1050 2845 1207 2948 petierit.
1228 2845 1374 2949 petierit
1394 2825 1887 2947 cognitionempr'edictam
1896 2821 2170 2946 licitfeldensis

575 3001 864 3081 subcumbentis

571 3385 684 3555 DE
711 3465 916 3551 CITATIS
956 3464 1051 3551 PER
1086 3465 1322 3549 NUNCIOS
1362 3464 1611 3548 COMUNIS
1639 3463 2029 3549 PERSONALITER
2063 3464 2162 3548 UEL
2289 3493 2290 3496 ‘

729 3622 825 3709 PER
847 3624 1068 3709 vLITERAS
1094 3623 1428 3707 POTESTATIS.

636 3841 808 4046 Quen
836 3965 1016 4028 statutum
1045 3967 1100 4027 est
1119 3949 1227 4052 quod
1250 3950 1281 4027 si
1308 3948 1430 4053 aliqua
1457 3975 1616 4053 persona
1643 3949 1752 4028 citata
1779 3948 1887 4027 fuerit
1905 3976 1969 4053 per
1988 3951 2166 4030 nuncium

570 4107 743 4184 comunis
770 4105 1009 4184 baennarum.
1038 4126 1101 4185 aut
1127 4133 1192 4211 per
1219 4105 1343 4187 literas
1370 4107 1565 4211 potestatis
1583 4108 1705 4209 primo
1726 4106 1898 4219 secundo
1921 4126 1957 4186 et
1984 4108 2106 4187 tertio.
2127 4109 2165 4187 in

569 4261 701 4342 diebus
727 4263 844 4342 tribus
872 4262 918 4342 ad
947 4265 1161 4343 instantiam
1189 4263 1342 4344 alicuius
1384 4264 1533 4344 alterius
1573 4291 1731 4368 persone
1760 4264 1807 4344 de
1835 4264 1990 4345 baennis
2018 4256 2089 4370 que
2118 4270 2164 4345 ab
2281 4258 2282 4261 Ὺ

569 4446 613 4501 ea
640 4439 739 4523 petat
767 4421 904 4524 aliquid
933 4441 969 4500 et
998 4449 1074 4501 non
1104 4425 1350 4526 comparuerit
1370 4423 1434 4502 sed
1455 4442 1658 4503 contumax
1679 4423 1840 4503 extiterit
1857 4423 2031 4528 predictis
2050 4424 2166 4504 tribus

570 4578 821 4660 citationibus.
851 4579 1026 4659 habeatur
1053 4607 1133 4683 pro
1164 4579 1344 4661 confessa.
1374 4582 1420 4660 de
1448 4608 1487 4660 re
1515 4582 1639 4684 petita.
1670 4583 1774 4661 cuius
1801 4583 1998 4671 occasione
2032 4583 2165 4687 petitio

568 4739 663 4815 lacta
691 4734 810 4815 fuerit.
840 4734 900 4816 uel
929 4737 1067 4817 citatio,
1098 4757 1133 4816 et
1161 4757 1326 4842 potestas
1345 4757 1512 4818 teneatur
1530 4757 1567 4817 et
1586 4738 1717 4818 debeat
1737 4739 2010 4842 condempnare
2026 4739 2165 4819 dictam

568 4920 767 4997 personam
795 4913 1058 4975 contumacem
1087 4914 1277 5006 tamquam
1307 4915 1516 5001 presentem
1545 4918 1581 4977 et
1609 4901 1830 4977 conlessam.
1860 4898 1897 4976 in
1926 4924 1964 4977 re
1987 4897 2161 5002 predicta.

569 5052 614 5131 Et
658 5051 834 5132 mandare
880 5052 1018 5133 dictam
1064 5052 1445 5158 condempnationem
1492 5055 1716 5135 executioni.
1764 5053 2085 5160 quemadmodum
2133 5056 2163 5135 si

568 5207 842 5315 condempnata
872 5229 970 5292 esset
996 5237 1148 5316 presens
1175 5229 1212 5292 et
1240 5211 1421 5293 confessa.
1463 5213 1585 5318 primo
1615 5233 1652 5291 et
1681 5213 1856 5293 secundo.
1889 5232 1925 5292 et
1952 5211 2069 5294 facere
2098 5212 2165 5292 liu-

567 5368 636 5447 rari
667 5386 703 5446 et
731 5368 808 5448 dari
836 5369 1042 5450 insolutum
1071 5370 1243 5451 creditori
1284 5372 1423 5476 petenti
1466 5371 1512 5452 de
1551 5373 1660 5451 bonis
1688 5371 1776 5452 dicti
1805 5372 2047 5452 contumacis
2077 5371 2164 5453 licet

568 5526 615 5607 sit
643 5527 787 5607 absens
819 5529 850 5607 si
877 5556 949 5634 qua
976 5528 1076 5609 bona
1104 5530 1274 5636 expedita
1315 5531 1571 5637 reperirentur.
1613 5557 1685 5636 que
1712 5531 1892 5624 liurentur
1918 5531 2022 5612 dicto
2050 5530 2186 5612 credi·—
