4800 6696
346 570 467 629 satum
496 575 670 653 grossum
699 568 735 627 et
763 546 908 651 largum
937 548 1083 627 duobus
1110 547 1265 652 pedibus
1292 574 1408 651 usque
1436 547 1480 626 ad
1509 546 1684 627 kalendas
1710 547 1824 628 madii
1851 577 1933 653 pro

345 709 448 786 ximi.
479 725 515 786 et
543 733 688 811 semper
715 726 954 786 manutenere
995 707 1136 785 dictum
1178 704 1357 785 fossatum
1396 704 1541 808 largum
1569 724 1605 784 et
1632 705 1858 810 profundum
1886 707 1932 786 de

345 865 492 945 duobus
518 865 673 971 pedibus
700 884 740 944 ut
768 865 974 970 predictum
996 883 1051 943 est
1070 865 1137 944 sub
1165 891 1260 970 pena
1280 863 1487 943 solidorum
1507 892 1542 943 111
1562 865 1660 944 curie
1679 891 1746 968 pro
1772 863 1933 969 qualibet

344 1050 501 1128 persona
529 1024 681 1128 quocies
709 1022 973 1102 contrafecerit.
1003 1024 1049 1102 Et
1077 1022 1342 1102 nichilominus
1360 1049 1454 1128 pena
1474 1022 1594 1102 soluta
1621 1042 1788 1102 teneatur
1816 1022 1932 1103 facere
1986 1009 2002 1037 ”

345 1202 381 1262 et
409 1201 647 1262 manutenere
676 1181 817 1260 dictum
844 1181 1025 1261 fossatum
1054 1200 1093 1259 ut
1120 1181 1326 1285 predictum
1354 1199 1420 1260 est.

150 1619 220 1700 351
340 1517 450 1682 DE
478 1595 715 1675 FOSSATO
743 1592 1006 1675 FACIENDO
1034 1592 1128 1674 PER
1155 1591 1287 1672 UIAM
1314 1590 1501 1671 SANCTI
1528 1588 1813 1690 JUUENALIS.
1846 1601 1913 1704 (3)
1987 1571 1988 1574 i

409 1937 441 1995 a
457 1883 489 2001 l*
503 1945 579 1999 Tun
608 1937 784 1997 statutum
814 1919 998 2023 estquod
1041 1919 1202 2023 quelibet
1242 1946 1399 2024 persona
1432 1918 1572 1997 habens
1599 1917 1760 2021 aliquam
1788 1944 1932 2022 posses·

344 2078 491 2155 sionem
519 2103 582 2180 per
610 2078 710 2155 viam
739 2078 851 2158 sancti
882 2076 1070 2176 Juuenalis
1106 2079 1151 2155 ab
1192 2075 1304 2180 ayrali
1347 2075 1525 2155 manfredi
1568 2075 1712 2155 betalle.
1742 2102 1857 2179 usque
1886 2075 1931 2154 ad

268 2269 269 2272 ¹
343 2235 479 2313 cimam
508 2223 676 2314 montate
706 2235 821 2313 sancti
850 2234 1039 2334 Juuenalis
1067 2234 1112 2313 ab
1141 2253 1297 2339 utroque
1326 2233 1437 2313 latere
1457 2261 1562 2314 secus
1581 2235 1681 2312 uiam
1700 2251 1867 2312 teneatur
1885 2231 1933 2310 f-

342 2419 423 2471 cere
453 2419 560 2496 super
588 2391 672 2471 solo
702 2420 770 2471 suo
799 2394 892 2471 inter
921 2360 959 2472 se
989 2412 1025 2471 et
1053 2419 1213 2471 comune
1254 2419 1370 2471 unum
1404 2392 1593 2471 ¹fossatum
1634 2419 1749 2496 usque
1778 2391 1823 2470 ad
1851 2417 1933 2496 pro·

342 2551 486 2629 ximum
515 2549 650 2629 festum
678 2569 926 2655 pentecostes.
947 2550 1092 2654 largum
1121 2567 1201 2630 11110r
1230 2550 1386 2655 pedibus
1414 2570 1450 2629 et
1477 2549 1703 2655 profundum
1722 2550 1839 2629 tribus
1864 2548 1931 2664 sub
1988 2603 1990 2609 ·

341 2735 435 2812 pena
465 2707 673 2787 solidorum
702 2736 725 2787 u
754 2710 865 2787 curie.
895 2710 941 2788 Et
970 2708 1237 2788 nichilominus
1273 2728 1440 2787 teneatur
1473 2707 1589 2787 facere
1615 2734 1764 2813 wsemper
1792 2726 1828 2786 et
1856 2733 1933 2785 ma·

341 2884 518 2944 nutenere
546 2864 688 2944 dictum
715 2865 896 2945 fossatum
925 2865 1070 2969 largum
1099 2886 1135 2945 et
1162 2865 1387 2970 profundum
1416 2885 1456 2944 ut
1484 2865 1624 2944 dictum
1655 2884 1710 2945 est
1738 2864 1805 2943 sub
1837 2892 1931 2969 pena

341 3024 513 3128 predicta.
536 3066 539 3071 ·

339 3352 416 3517 D
421 3433 449 3511 E
477 3431 716 3511 FOSSATIS
744 3430 1007 3511 FACIENDIS
1026 3430 1183 3511 SUPER
1202 3427 1378 3509 PLANO
1397 3396 1584 3509 SANCTI
1603 3428 1839 3510 FAUSTlNl
1858 3429 1924 3508 ET

494 3590 652 3669 ELEXI.

412 3933 428 3953 f

408 3948 429 3992 a
457 3993 461 3998 ,
499 3941 577 3996 Tun
596 3935 774 3995 statutum
794 3934 849 3994 est
877 3915 977 4019 quod
1006 3915 1051 3993 ad
1080 3916 1333 3995 conseruanda
1361 3918 1534 3995 comunia
1554 3935 1590 3995 et
1607 3944 1741 4021 pascua
1760 3919 1932 3998 comunis

340 4074 567 4157 baennarum
595 4074 696 4179 quod
725 4074 887 4179 quelibet
914 4101 1071 4179 persona
1090 4074 1231 4154 habens
1252 4076 1531 4179 possessionem
1551 4076 1653 4155 iuxta
1671 4077 1750 4155 uias
1767 4075 1932 4180 publicas

341 4235 419 4313 siue
447 4231 583 4312 molias
611 4232 678 4339 (4)
706 4233 879 4311 comunis
907 4259 1014 4335 super
1050 4231 1163 4337 plano
1205 4234 1321 4312 sancti
1358 4231 1504 4312 faustini
1543 4233 1580 4312 in
1612 4232 1737 4337 aliquo
1766 4233 1863 4314 loco.
1895 4254 1931 4315 et

341 4391 516 4469 comunia
545 4389 678 4469 eodem
716 4389 835 4469 modo
872 4417 979 4494 super
1015 4388 1127 4493 plano
1164 4389 1258 4468 elexi
1296 4389 1364 4497 (5)
1396 4409 1562 4470 teneatur
1591 4410 1627 4470 et
1655 4391 1787 4471 debeat
1814 4391 1932 4473 lacere

340 4568 579 4628 manutenere
605 4575 715 4651 super
743 4575 904 4627 comune
945 4575 1062 4627 unum
1104 4546 1296 4627 fossatum.
1327 4549 1376 4627 ita
1403 4567 1530 4628 tamen
1558 4550 1659 4654 quod
1689 4549 1829 4630 dictum
1859 4550 1933 4631 fos
2060 4614 2063 4619 .
2114 4580 2116 4585 ·

342 4726 461 4786 satum
491 4707 663 4786 choereat
682 4725 718 4785 et
738 4707 785 4785 sit
804 4675 1027 4809 contiguum
1055 4705 1354 4811 possessionibus
1382 4707 1546 4811 ipsorum
1567 4707 1613 4786 de
1632 4735 1709 4786 uno
1729 4709 1931 4790 etduobus

339 4865 505 4971 pedibus.
535 4863 626 4944 infra
652 4866 854 4944 terminum
883 4864 981 4943 cride
1010 4863 1095 4943 inde
1115 4862 1220 4943 lacte.
1241 4866 1286 4942 Et
1305 4864 1406 4968 quod
1424 4884 1589 4970 potestas
1607 4885 1773 4946 teneatur
1792 4867 1930 4947 dictam

341 5024 480 5103 cridam
508 5023 625 5102 lacere
652 5023 732 5103 fieri
761 5021 852 5102 infra
880 5049 996 5101 unum
1024 5049 1195 5104 mensem
1222 5015 1421 5127 postquam
1459 5025 1630 5106 iurauerit
1665 5026 1847 5128 regimen.
1884 5026 1932 5106 Et

339 5208 496 5286 persona
524 5208 595 5285 que
624 5180 879 5261 contrafecerit
906 5180 1028 5260 soluat
1055 5208 1123 5286 pro
1151 5178 1313 5286 qualibet
1348 5201 1384 5263 et
1412 5182 1572 5286 qualibet
1599 5184 1680 5263 uice
1709 5182 1852 5264 solidos
1878 5181 1929 5264 111.
1974 5241 1977 5247 ›

340 5340 386 5419 Et
406 5338 679 5421 'nichilominus
707 5339 888 5420 fossatum
915 5359 957 5419 ut
983 5339 1124 5419 dictum
1154 5360 1209 5420 est
1237 5338 1354 5420 lacere
1382 5360 1560 5421 teneatur.
1590 5341 1636 5420 Et
1664 5340 1825 5445 quelibet
1852 5368 1930 5446 per-

340 5525 432 5579 sona
459 5499 578 5602 possit
606 5500 692 5580 inde
711 5526 879 5579 accusare
908 5518 945 5579 et
973 5499 1140 5579 credatur
1158 5500 1383 5580 accusationi
1403 5526 1468 5581 sue
1487 5500 1710 5580 iuramento
1731 5502 1784 5579 lta
1803 5518 1929 5580 tamen
