<?xml version="1.0" encoding="UTF-8"?>
<!DOCTYPE html PUBLIC "-//W3C//DTD XHTML 1.0 Transitional//EN"
    "http://www.w3.org/TR/xhtml1/DTD/xhtml1-transitional.dtd">
<html xmlns="http://www.w3.org/1999/xhtml" xml:lang="en" lang="en">
 <head>
  <title>
</title>
<meta http-equiv="Content-Type" content="text/html;charset=utf-8" />
  <meta name='ocr-system' content='tesseract 3.04.00' />
  <meta name='ocr-capabilities' content='ocr_page ocr_carea ocr_par ocr_line ocrx_word'/>
</head>
<body>
  <div class='ocr_page' id='page_1' title='image "./capitulaetstatu00assagoog_0039.png"; bbox 0 0 4800 6698; ppageno 0'>
   <div class='ocr_carea' id='block_1_1' title="bbox 390 503 1983 611">
    <p class='ocr_par' dir='ltr' id='par_1_1' title="bbox 390 503 1983 611">
     <span class='ocr_line' id='line_1_1' title="bbox 390 503 1983 611; baseline 0.003 -30"><span class='ocrx_word' id='word_1_1' title='bbox 390 503 537 606; x_wconf 87' lang='lat' dir='ltr'>plenam</span> <span class='ocrx_word' id='word_1_2' title='bbox 565 523 601 582; x_wconf 94' lang='lat' dir='ltr'>et</span> <span class='ocrx_word' id='word_1_3' title='bbox 630 503 781 583; x_wconf 87' lang='lat' dir='ltr'>liberam</span> <span class='ocrx_word' id='word_1_4' title='bbox 809 504 1041 585; x_wconf 90' lang='lat' dir='ltr'>uoluntatem</span> <span class='ocrx_word' id='word_1_5' title='bbox 1060 525 1137 584; x_wconf 91' lang='lat' dir='ltr'>tam</span> <span class='ocrx_word' id='word_1_6' title='bbox 1163 506 1208 585; x_wconf 90' lang='lat' dir='ltr'>de</span> <span class='ocrx_word' id='word_1_7' title='bbox 1231 508 1413 611; x_wconf 88' lang='lat' dir='ltr'>preteritis</span> <span class='ocrx_word' id='word_1_8' title='bbox 1441 534 1551 610; x_wconf 92' lang='lat' dir='ltr'>quam</span> <span class='ocrx_word' id='word_1_9' title='bbox 1581 508 1626 587; x_wconf 91' lang='lat' dir='ltr'>de</span> <span class='ocrx_word' id='word_1_10' title='bbox 1654 508 1794 588; x_wconf 84' lang='lat' dir='ltr'>futuris.</span> <span class='ocrx_word' id='word_1_11' title='bbox 1825 527 1861 588; x_wconf 94' lang='lat' dir='ltr'>et</span> <span class='ocrx_word' id='word_1_12' title='bbox 1890 509 1983 587; x_wconf 90' lang='lat' dir='ltr'>sicut</span> 
     </span>
    </p>
   </div>
   <div class='ocr_carea' id='block_1_2' title="bbox 391 660 1981 766">
    <p class='ocr_par' dir='ltr' id='par_1_2' title="bbox 391 660 1981 766">
     <span class='ocr_line' id='line_1_2' title="bbox 391 660 1981 766; baseline 0.004 -28"><span class='ocrx_word' id='word_1_13' title='bbox 391 661 423 739; x_wconf 91' lang='lat' dir='ltr'>ei</span> <span class='ocrx_word' id='word_1_14' title='bbox 452 660 645 740; x_wconf 90' lang='lat' dir='ltr'>uidebitur.</span> <span class='ocrx_word' id='word_1_15' title='bbox 675 661 798 766; x_wconf 89' lang='lat' dir='ltr'>aliquo</span> <span class='ocrx_word' id='word_1_16' title='bbox 827 661 987 765; x_wconf 91' lang='lat' dir='ltr'>capitulo</span> <span class='ocrx_word' id='word_1_17' title='bbox 1006 663 1103 742; x_wconf 83' lang='lat' dir='ltr'>facto</span> <span class='ocrx_word' id='word_1_18' title='bbox 1130 663 1190 742; x_wconf 91' lang='lat' dir='ltr'>uel</span> <span class='ocrx_word' id='word_1_19' title='bbox 1219 663 1359 743; x_wconf 82' lang='lat' dir='ltr'>facturo</span> <span class='ocrx_word' id='word_1_20' title='bbox 1387 664 1425 742; x_wconf 92' lang='lat' dir='ltr'>in</span> <span class='ocrx_word' id='word_1_21' title='bbox 1454 666 1676 743; x_wconf 88' lang='lat' dir='ltr'>contrarium</span> <span class='ocrx_word' id='word_1_22' title='bbox 1701 692 1779 744; x_wconf 94' lang='lat' dir='ltr'>non</span> <span class='ocrx_word' id='word_1_23' title='bbox 1798 668 1981 744; x_wconf 85' lang='lat' dir='ltr'>obstante.</span> 
     </span>
    </p>
   </div>
   <div class='ocr_carea' id='block_1_3' title="bbox 402 1000 916 1169">
    <p class='ocr_par' dir='ltr' id='par_1_3' title="bbox 402 1000 916 1169">
     <span class='ocr_line' id='line_1_3' title="bbox 402 1000 916 1169; baseline -0.008 -4"><span class='ocrx_word' id='word_1_24' title='bbox 402 1000 512 1165; x_wconf 77' lang='lat' dir='ltr'>DE</span> <span class='ocrx_word' id='word_1_25' title='bbox 540 1083 916 1169; x_wconf 85' lang='lat' dir='ltr'>ClTATlONlBUS.</span> 
     </span>
    </p>
   </div>
   <div class='ocr_carea' id='block_1_4' title="bbox 389 1312 1982 2601">
    <p class='ocr_par' dir='ltr' id='par_1_4' title="bbox 474 1312 556 1371">
     <span class='ocr_line' id='line_1_4' title="bbox 474 1312 556 1371; baseline 0.024 -2"><span class='ocrx_word' id='word_1_26' title='bbox 474 1312 556 1371; x_wconf 56' lang='lat' dir='ltr'>sta</span> 
     </span>
    </p>

    <p class='ocr_par' dir='ltr' id='par_1_5' title="bbox 389 1324 1982 2601">
     <span class='ocr_line' id='line_1_5' title="bbox 474 1324 1982 1500; baseline 0.005 -31.986"><span class='ocrx_word' id='word_1_27' title='bbox 474 1324 635 1487; x_wconf 59' lang='lat' dir='ltr'>‘lh</span> <span class='ocrx_word' id='word_1_28' title='bbox 664 1415 841 1474; x_wconf 88' lang='lat' dir='ltr'>statutum</span> <span class='ocrx_word' id='word_1_29' title='bbox 861 1397 944 1498; x_wconf 91' lang='lat' dir='ltr'>quia</span> <span class='ocrx_word' id='word_1_30' title='bbox 964 1397 1158 1474; x_wconf 86' lang='lat' dir='ltr'>citationes</span> <span class='ocrx_word' id='word_1_31' title='bbox 1177 1423 1393 1500; x_wconf 85' lang='lat' dir='ltr'>quecunque</span> <span class='ocrx_word' id='word_1_32' title='bbox 1423 1423 1467 1474; x_wconf 93' lang='lat' dir='ltr'>ex</span> <span class='ocrx_word' id='word_1_33' title='bbox 1500 1397 1614 1474; x_wconf 91' lang='lat' dir='ltr'>nimia</span> <span class='ocrx_word' id='word_1_34' title='bbox 1647 1423 1754 1475; x_wconf 91' lang='lat' dir='ltr'>causa</span> <span class='ocrx_word' id='word_1_35' title='bbox 1776 1396 1982 1500; x_wconf 90' lang='lat' dir='ltr'>procedunt</span> 
     </span>
     <span class='ocr_line' id='line_1_6' title="bbox 391 1552 1982 1658; baseline 0.001 -26"><span class='ocrx_word' id='word_1_36' title='bbox 391 1572 593 1632; x_wconf 91' lang='lat' dir='ltr'>statuerunt</span> <span class='ocrx_word' id='word_1_37' title='bbox 629 1573 664 1631; x_wconf 88' lang='lat' dir='ltr'>et</span> <span class='ocrx_word' id='word_1_38' title='bbox 699 1553 961 1633; x_wconf 89' lang='lat' dir='ltr'>ordinauerunt</span> <span class='ocrx_word' id='word_1_39' title='bbox 994 1554 1187 1657; x_wconf 89' lang='lat' dir='ltr'>sapientes.</span> <span class='ocrx_word' id='word_1_40' title='bbox 1221 1552 1321 1656; x_wconf 94' lang='lat' dir='ltr'>quod</span> <span class='ocrx_word' id='word_1_41' title='bbox 1351 1555 1382 1632; x_wconf 91' lang='lat' dir='ltr'>si</span> <span class='ocrx_word' id='word_1_42' title='bbox 1409 1553 1540 1657; x_wconf 91' lang='lat' dir='ltr'>aliquis</span> <span class='ocrx_word' id='word_1_43' title='bbox 1573 1552 1633 1632; x_wconf 91' lang='lat' dir='ltr'>uel</span> <span class='ocrx_word' id='word_1_44' title='bbox 1668 1553 1788 1657; x_wconf 88' lang='lat' dir='ltr'>aliqua</span> <span class='ocrx_word' id='word_1_45' title='bbox 1824 1580 1982 1658; x_wconf 92' lang='lat' dir='ltr'>persona</span> 
     </span>
     <span class='ocr_line' id='line_1_7' title="bbox 392 1708 1980 1813; baseline 0.001 -26"><span class='ocrx_word' id='word_1_46' title='bbox 392 1708 552 1813; x_wconf 87' lang='lat' dir='ltr'>aliquem</span> <span class='ocrx_word' id='word_1_47' title='bbox 580 1710 640 1788; x_wconf 88' lang='lat' dir='ltr'>uel</span> <span class='ocrx_word' id='word_1_48' title='bbox 668 1710 828 1813; x_wconf 84' lang='lat' dir='ltr'>aliquam</span> <span class='ocrx_word' id='word_1_49' title='bbox 856 1736 1053 1813; x_wconf 88' lang='lat' dir='ltr'>personam</span> <span class='ocrx_word' id='word_1_50' title='bbox 1081 1736 1206 1788; x_wconf 89' lang='lat' dir='ltr'>coram</span> <span class='ocrx_word' id='word_1_51' title='bbox 1235 1709 1354 1789; x_wconf 91' lang='lat' dir='ltr'>iudice</span> <span class='ocrx_word' id='word_1_52' title='bbox 1374 1709 1433 1788; x_wconf 91' lang='lat' dir='ltr'>uel</span> <span class='ocrx_word' id='word_1_53' title='bbox 1456 1728 1638 1813; x_wconf 85' lang='lat' dir='ltr'>potestate</span> <span class='ocrx_word' id='word_1_54' title='bbox 1667 1710 1851 1789; x_wconf 87' lang='lat' dir='ltr'>malitiose</span> <span class='ocrx_word' id='word_1_55' title='bbox 1881 1711 1980 1789; x_wconf 89' lang='lat' dir='ltr'>citari</span> 
     </span>
     <span class='ocr_line' id='line_1_8' title="bbox 389 1865 1981 1973; baseline 0.001 -29"><span class='ocrx_word' id='word_1_56' title='bbox 389 1865 514 1946; x_wconf 87' lang='lat' dir='ltr'>fecerit</span> <span class='ocrx_word' id='word_1_57' title='bbox 541 1867 599 1945; x_wconf 92' lang='lat' dir='ltr'>uel</span> <span class='ocrx_word' id='word_1_58' title='bbox 630 1894 736 1946; x_wconf 91' lang='lat' dir='ltr'>causa</span> <span class='ocrx_word' id='word_1_59' title='bbox 764 1868 950 1946; x_wconf 84' lang='lat' dir='ltr'>citationis</span> <span class='ocrx_word' id='word_1_60' title='bbox 968 1867 1101 1945; x_wconf 91' lang='lat' dir='ltr'>iniusta</span> <span class='ocrx_word' id='word_1_61' title='bbox 1121 1868 1270 1946; x_wconf 89' lang='lat' dir='ltr'>inuenta</span> <span class='ocrx_word' id='word_1_62' title='bbox 1298 1866 1415 1945; x_wconf 79' lang='lat' dir='ltr'>fuerit.</span> <span class='ocrx_word' id='word_1_63' title='bbox 1446 1867 1563 1962; x_wconf 93' lang='lat' dir='ltr'>Quod</span> <span class='ocrx_word' id='word_1_64' title='bbox 1591 1886 1755 1973; x_wconf 86' lang='lat' dir='ltr'>potestas</span> <span class='ocrx_word' id='word_1_65' title='bbox 1783 1867 1842 1946; x_wconf 92' lang='lat' dir='ltr'>uel</span> <span class='ocrx_word' id='word_1_66' title='bbox 1871 1865 1981 1946; x_wconf 91' lang='lat' dir='ltr'>iudex</span> 
     </span>
     <span class='ocr_line' id='line_1_9' title="bbox 390 2013 1981 2135; baseline 0.002 -33"><span class='ocrx_word' id='word_1_67' title='bbox 390 2026 634 2103; x_wconf 88' lang='lat' dir='ltr'>incontinenti</span> <span class='ocrx_word' id='word_1_68' title='bbox 661 2052 818 2128; x_wconf 87' lang='lat' dir='ltr'>persone</span> <span class='ocrx_word' id='word_1_69' title='bbox 847 2025 954 2103; x_wconf 87' lang='lat' dir='ltr'>citate</span> <span class='ocrx_word' id='word_1_70' title='bbox 983 2013 1156 2127; x_wconf 92' lang='lat' dir='ltr'>peream</span> <span class='ocrx_word' id='word_1_71' title='bbox 1185 2051 1381 2128; x_wconf 89' lang='lat' dir='ltr'>personam</span> <span class='ocrx_word' id='word_1_72' title='bbox 1404 2051 1479 2135; x_wconf 16' lang='lat' dir='ltr'>‘que</span> <span class='ocrx_word' id='word_1_73' title='bbox 1508 2026 1625 2128; x_wconf 91' lang='lat' dir='ltr'>ipsam</span> <span class='ocrx_word' id='word_1_74' title='bbox 1653 2051 1851 2129; x_wconf 91' lang='lat' dir='ltr'>personam</span> <span class='ocrx_word' id='word_1_75' title='bbox 1879 2025 1981 2105; x_wconf 90' lang='lat' dir='ltr'>citari</span> 
     </span>
     <span class='ocr_line' id='line_1_10' title="bbox 390 2180 1982 2285; baseline 0 -25"><span class='ocrx_word' id='word_1_76' title='bbox 390 2181 524 2260; x_wconf 87' lang='lat' dir='ltr'>fecerit.</span> <span class='ocrx_word' id='word_1_77' title='bbox 554 2181 756 2285; x_wconf 89' lang='lat' dir='ltr'>dampnum</span> <span class='ocrx_word' id='word_1_78' title='bbox 785 2181 885 2285; x_wconf 97' lang='lat' dir='ltr'>quod</span> <span class='ocrx_word' id='word_1_79' title='bbox 914 2183 1035 2260; x_wconf 76' lang='lat' dir='ltr'>iurare·</span> <span class='ocrx_word' id='word_1_80' title='bbox 1058 2180 1217 2261; x_wconf 91' lang='lat' dir='ltr'>uoluerit</span> <span class='ocrx_word' id='word_1_81' title='bbox 1245 2183 1414 2262; x_wconf 90' lang='lat' dir='ltr'>habuisse</span> <span class='ocrx_word' id='word_1_82' title='bbox 1442 2183 1638 2262; x_wconf 88' lang='lat' dir='ltr'>occasione</span> <span class='ocrx_word' id='word_1_83' title='bbox 1666 2182 1763 2262; x_wconf 89' lang='lat' dir='ltr'>dicte</span> <span class='ocrx_word' id='word_1_84' title='bbox 1796 2182 1982 2262; x_wconf 90' lang='lat' dir='ltr'>citationis</span> 
     </span>
     <span class='ocr_line' id='line_1_11' title="bbox 390 2339 1980 2443; baseline -0.001 -25"><span class='ocrx_word' id='word_1_85' title='bbox 390 2366 454 2418; x_wconf 89' lang='lat' dir='ltr'>seu</span> <span class='ocrx_word' id='word_1_86' title='bbox 483 2367 661 2443; x_wconf 89' lang='lat' dir='ltr'>expensas</span> <span class='ocrx_word' id='word_1_87' title='bbox 688 2366 778 2443; x_wconf 89' lang='lat' dir='ltr'>quas</span> <span class='ocrx_word' id='word_1_88' title='bbox 802 2367 960 2443; x_wconf 91' lang='lat' dir='ltr'>persona</span> <span class='ocrx_word' id='word_1_89' title='bbox 987 2341 1095 2418; x_wconf 85' lang='lat' dir='ltr'>citata</span> <span class='ocrx_word' id='word_1_90' title='bbox 1124 2340 1294 2418; x_wconf 85' lang='lat' dir='ltr'>iurauerit</span> <span class='ocrx_word' id='word_1_91' title='bbox 1314 2365 1353 2418; x_wconf 91' lang='lat' dir='ltr'>se</span> <span class='ocrx_word' id='word_1_92' title='bbox 1372 2339 1499 2418; x_wconf 82' lang='lat' dir='ltr'>fecisse</span> <span class='ocrx_word' id='word_1_93' title='bbox 1518 2341 1660 2419; x_wconf 90' lang='lat' dir='ltr'>restitui</span> <span class='ocrx_word' id='word_1_94' title='bbox 1679 2339 1796 2419; x_wconf 88' lang='lat' dir='ltr'>facere</span> <span class='ocrx_word' id='word_1_95' title='bbox 1814 2357 1980 2419; x_wconf 89' lang='lat' dir='ltr'>teneatur</span> 
     </span>
     <span class='ocr_line' id='line_1_12' title="bbox 390 2496 1980 2601; baseline 0.002 -26"><span class='ocrx_word' id='word_1_96' title='bbox 390 2497 481 2576; x_wconf 84' lang='lat' dir='ltr'>facta</span> <span class='ocrx_word' id='word_1_97' title='bbox 510 2496 595 2576; x_wconf 91' lang='lat' dir='ltr'>inde</span> <span class='ocrx_word' id='word_1_98' title='bbox 623 2498 810 2576; x_wconf 89' lang='lat' dir='ltr'>taxatione</span> <span class='ocrx_word' id='word_1_99' title='bbox 838 2524 901 2600; x_wconf 93' lang='lat' dir='ltr'>per</span> <span class='ocrx_word' id='word_1_100' title='bbox 929 2516 1163 2600; x_wconf 85' lang='lat' dir='ltr'>potestatem.</span> <span class='ocrx_word' id='word_1_101' title='bbox 1194 2499 1223 2575; x_wconf 94' lang='lat' dir='ltr'>si</span> <span class='ocrx_word' id='word_1_102' title='bbox 1252 2524 1408 2601; x_wconf 89' lang='lat' dir='ltr'>persona</span> <span class='ocrx_word' id='word_1_103' title='bbox 1437 2498 1544 2577; x_wconf 88' lang='lat' dir='ltr'>citata</span> <span class='ocrx_word' id='word_1_104' title='bbox 1578 2498 1749 2576; x_wconf 88' lang='lat' dir='ltr'>iurauerit</span> <span class='ocrx_word' id='word_1_105' title='bbox 1776 2496 1980 2601; x_wconf 85' lang='lat' dir='ltr'>dampnum</span> 
     </span>
    </p>
   </div>
   <div class='ocr_carea' id='block_1_5' title="bbox 390 2652 1584 2758">
    <p class='ocr_par' dir='ltr' id='par_1_6' title="bbox 390 2652 1584 2758">
     <span class='ocr_line' id='line_1_13' title="bbox 390 2652 1584 2758; baseline -0.001 -25"><span class='ocrx_word' id='word_1_106' title='bbox 390 2653 558 2734; x_wconf 90' lang='lat' dir='ltr'>habuisse</span> <span class='ocrx_word' id='word_1_107' title='bbox 588 2652 647 2750; x_wconf 84' lang='lat' dir='ltr'>uel</span> <span class='ocrx_word' id='word_1_108' title='bbox 677 2653 895 2757; x_wconf 86' lang='lat' dir='ltr'>expendisse</span> <span class='ocrx_word' id='word_1_109' title='bbox 924 2653 1016 2732; x_wconf 91' lang='lat' dir='ltr'>ultra</span> <span class='ocrx_word' id='word_1_110' title='bbox 1045 2681 1156 2756; x_wconf 92' lang='lat' dir='ltr'>quam</span> <span class='ocrx_word' id='word_1_111' title='bbox 1185 2654 1369 2732; x_wconf 90' lang='lat' dir='ltr'>uidebitur</span> <span class='ocrx_word' id='word_1_112' title='bbox 1398 2655 1584 2758; x_wconf 84' lang='lat' dir='ltr'>potestati.</span> 
     </span>
    </p>
   </div>
   <div class='ocr_carea' id='block_1_6' title="bbox 1460 2881 1479 2915">
    <p class='ocr_par' dir='ltr' id='par_1_7' title="bbox 1460 2881 1479 2915">
     <span class='ocr_line' id='line_1_14' title="bbox 1460 2881 1479 2915; baseline 0 0"><span class='ocrx_word' id='word_1_113' title='bbox 1460 2881 1479 2915; x_wconf 59' lang='lat' dir='ltr'>Q</span> 
     </span>
    </p>
   </div>
   <div class='ocr_carea' id='block_1_7' title="bbox 402 2987 1409 3150">
    <p class='ocr_par' dir='ltr' id='par_1_8' title="bbox 402 2987 1409 3150">
     <span class='ocr_line' id='line_1_15' title="bbox 402 2987 1409 3150; baseline -0.001 0"><span class='ocrx_word' id='word_1_114' title='bbox 402 2987 512 3150; x_wconf 77' lang='lat' dir='ltr'>DE</span> <span class='ocrx_word' id='word_1_115' title='bbox 540 3068 709 3147; x_wconf 84' lang='lat' dir='ltr'>PALEIS</span> <span class='ocrx_word' id='word_1_116' title='bbox 737 3067 854 3147; x_wconf 90' lang='lat' dir='ltr'>NON</span> <span class='ocrx_word' id='word_1_117' title='bbox 883 3069 1135 3148; x_wconf 85' lang='lat' dir='ltr'>TENENDIS</span> <span class='ocrx_word' id='word_1_118' title='bbox 1162 3070 1216 3147; x_wconf 90' lang='lat' dir='ltr'>IN</span> <span class='ocrx_word' id='word_1_119' title='bbox 1246 3071 1409 3149; x_wconf 87' lang='lat' dir='ltr'>UlLLA.</span> 
     </span>
    </p>
   </div>
   <div class='ocr_carea' id='block_1_8' title="bbox 390 3372 1984 5383">
    <p class='ocr_par' dir='ltr' id='par_1_9' title="bbox 390 3370 1984 5383">
     <span class='ocr_line' id='line_1_16' title="bbox 469 3372 1984 3491; baseline 0.001 -26"><span class='ocrx_word' id='word_1_120' title='bbox 469 3387 503 3465; x_wconf 72' lang='lat' dir='ltr'>t</span> <span class='ocrx_word' id='word_1_121' title='bbox 518 3372 549 3471; x_wconf 61' lang='lat' dir='ltr'>ab</span> <span class='ocrx_word' id='word_1_122' title='bbox 581 3415 633 3468; x_wconf 74' lang='lat' dir='ltr'>En</span> <span class='ocrx_word' id='word_1_123' title='bbox 661 3386 821 3491; x_wconf 90' lang='lat' dir='ltr'>quelibet</span> <span class='ocrx_word' id='word_1_124' title='bbox 849 3413 1005 3491; x_wconf 90' lang='lat' dir='ltr'>persona</span> <span class='ocrx_word' id='word_1_125' title='bbox 1047 3388 1186 3465; x_wconf 91' lang='lat' dir='ltr'>habens</span> <span class='ocrx_word' id='word_1_126' title='bbox 1218 3385 1341 3490; x_wconf 88' lang='lat' dir='ltr'>paleas</span> <span class='ocrx_word' id='word_1_127' title='bbox 1367 3389 1406 3465; x_wconf 91' lang='lat' dir='ltr'>in</span> <span class='ocrx_word' id='word_1_128' title='bbox 1434 3386 1520 3465; x_wconf 87' lang='lat' dir='ltr'>uilla</span> <span class='ocrx_word' id='word_1_129' title='bbox 1560 3390 1783 3467; x_wconf 90' lang='lat' dir='ltr'>baennarum</span> <span class='ocrx_word' id='word_1_130' title='bbox 1816 3406 1984 3467; x_wconf 85' lang='lat' dir='ltr'>teneatur</span> 
     </span>
     <span class='ocr_line' id='line_1_17' title="bbox 391 3539 1981 3650; baseline 0 -25"><span class='ocrx_word' id='word_1_131' title='bbox 391 3539 489 3650; x_wconf 85' lang='lat' dir='ltr'>ipsas</span> <span class='ocrx_word' id='word_1_132' title='bbox 514 3545 636 3650; x_wconf 88' lang='lat' dir='ltr'>paleas</span> <span class='ocrx_word' id='word_1_133' title='bbox 664 3543 803 3625; x_wconf 86' lang='lat' dir='ltr'>extrahi</span> <span class='ocrx_word' id='word_1_134' title='bbox 832 3546 948 3623; x_wconf 88' lang='lat' dir='ltr'>lacere</span> <span class='ocrx_word' id='word_1_135' title='bbox 977 3543 1023 3622; x_wconf 90' lang='lat' dir='ltr'>de</span> <span class='ocrx_word' id='word_1_136' title='bbox 1051 3542 1148 3623; x_wconf 88' lang='lat' dir='ltr'>dicta</span> <span class='ocrx_word' id='word_1_137' title='bbox 1175 3542 1262 3623; x_wconf 90' lang='lat' dir='ltr'>uilla</span> <span class='ocrx_word' id='word_1_138' title='bbox 1289 3561 1487 3649; x_wconf 86' lang='lat' dir='ltr'>postquam</span> <span class='ocrx_word' id='word_1_139' title='bbox 1522 3543 1701 3624; x_wconf 88' lang='lat' dir='ltr'>cridatum</span> <span class='ocrx_word' id='word_1_140' title='bbox 1731 3544 1837 3625; x_wconf 83' lang='lat' dir='ltr'>fuerit</span> <span class='ocrx_word' id='word_1_141' title='bbox 1865 3573 1981 3649; x_wconf 91' lang='lat' dir='ltr'>usque</span> 
     </span>
     <span class='ocr_line' id='line_1_18' title="bbox 391 3700 1983 3807; baseline 0.001 -25"><span class='ocrx_word' id='word_1_142' title='bbox 391 3704 436 3782; x_wconf 88' lang='lat' dir='ltr'>ad</span> <span class='ocrx_word' id='word_1_143' title='bbox 464 3705 665 3782; x_wconf 92' lang='lat' dir='ltr'>terminum</span> <span class='ocrx_word' id='word_1_144' title='bbox 693 3701 790 3782; x_wconf 87' lang='lat' dir='ltr'>dicte</span> <span class='ocrx_word' id='word_1_145' title='bbox 819 3701 928 3781; x_wconf 90' lang='lat' dir='ltr'>cride.</span> <span class='ocrx_word' id='word_1_146' title='bbox 959 3701 1026 3807; x_wconf 89' lang='lat'>(1)</span> <span class='ocrx_word' id='word_1_147' title='bbox 1059 3702 1185 3806; x_wconf 89' lang='lat' dir='ltr'>etqui</span> <span class='ocrx_word' id='word_1_148' title='bbox 1214 3719 1341 3780; x_wconf 91' lang='lat' dir='ltr'>contra</span> <span class='ocrx_word' id='word_1_149' title='bbox 1370 3700 1495 3780; x_wconf 89' lang='lat' dir='ltr'>fecerit</span> <span class='ocrx_word' id='word_1_150' title='bbox 1532 3700 1651 3781; x_wconf 89' lang='lat' dir='ltr'>soluat</span> <span class='ocrx_word' id='word_1_151' title='bbox 1679 3730 1747 3806; x_wconf 90' lang='lat' dir='ltr'>pro</span> <span class='ocrx_word' id='word_1_152' title='bbox 1775 3730 1869 3807; x_wconf 88' lang='lat' dir='ltr'>pena</span> <span class='ocrx_word' id='word_1_153' title='bbox 1898 3703 1983 3783; x_wconf 91' lang='lat' dir='ltr'>soli·</span> 
     </span>
     <span class='ocr_line' id='line_1_19' title="bbox 391 3858 1982 3965; baseline -0.001 -24"><span class='ocrx_word' id='word_1_154' title='bbox 391 3861 461 3941; x_wconf 91' lang='lat' dir='ltr'>dos</span> <span class='ocrx_word' id='word_1_155' title='bbox 488 3888 513 3940; x_wconf 94' lang='lat' dir='ltr'>x</span> <span class='ocrx_word' id='word_1_156' title='bbox 541 3888 609 3965; x_wconf 93' lang='lat' dir='ltr'>pro</span> <span class='ocrx_word' id='word_1_157' title='bbox 637 3859 802 3963; x_wconf 91' lang='lat' dir='ltr'>quolibet</span> <span class='ocrx_word' id='word_1_158' title='bbox 831 3859 890 3937; x_wconf 91' lang='lat' dir='ltr'>die</span> <span class='ocrx_word' id='word_1_159' title='bbox 919 3886 994 3962; x_wconf 95' lang='lat' dir='ltr'>quo</span> <span class='ocrx_word' id='word_1_160' title='bbox 1024 3859 1164 3937; x_wconf 89' lang='lat' dir='ltr'>steterit</span> <span class='ocrx_word' id='word_1_161' title='bbox 1192 3858 1238 3936; x_wconf 90' lang='lat' dir='ltr'>ad</span> <span class='ocrx_word' id='word_1_162' title='bbox 1267 3858 1534 3938; x_wconf 91' lang='lat' dir='ltr'>extrahendum</span> <span class='ocrx_word' id='word_1_163' title='bbox 1561 3858 1684 3963; x_wconf 91' lang='lat' dir='ltr'>paleas</span> <span class='ocrx_word' id='word_1_164' title='bbox 1710 3859 1892 3964; x_wconf 89' lang='lat' dir='ltr'>predictas</span> <span class='ocrx_word' id='word_1_165' title='bbox 1920 3863 1982 3965; x_wconf 93' lang='lat' dir='ltr'>qui</span> 
     </span>
     <span class='ocr_line' id='line_1_20' title="bbox 391 3980 1983 4125; baseline 0 -27"><span class='ocrx_word' id='word_1_166' title='bbox 391 4019 570 4098; x_wconf 89' lang='lat' dir='ltr'>terminus</span> <span class='ocrx_word' id='word_1_167' title='bbox 597 4017 695 4097; x_wconf 89' lang='lat' dir='ltr'>cride</span> <span class='ocrx_word' id='word_1_168' title='bbox 724 4019 772 4096; x_wconf 93' lang='lat' dir='ltr'>sit</span> <span class='ocrx_word' id='word_1_169' title='bbox 797 4043 850 4096; x_wconf 92' lang='lat' dir='ltr'>xv</span> <span class='ocrx_word' id='word_1_170' title='bbox 882 4015 1026 4113; x_wconf 85' lang='lat' dir='ltr'>dierum</span> <span class='ocrx_word' id='word_1_171' title='bbox 1054 3980 1099 4094; x_wconf 88' lang='lat' dir='ltr'>ad</span> <span class='ocrx_word' id='word_1_172' title='bbox 1128 4017 1252 4095; x_wconf 91' lang='lat' dir='ltr'>minus</span> <span class='ocrx_word' id='word_1_173' title='bbox 1280 4035 1436 4120; x_wconf 87' lang='lat' dir='ltr'>excepto</span> <span class='ocrx_word' id='word_1_174' title='bbox 1469 4015 1570 4120; x_wconf 94' lang='lat' dir='ltr'>quod</span> <span class='ocrx_word' id='word_1_175' title='bbox 1598 4046 1618 4095; x_wconf 92' lang='lat' dir='ltr'>a</span> <span class='ocrx_word' id='word_1_176' title='bbox 1646 4002 1781 4097; x_wconf 86' lang='lat' dir='ltr'>carrata</span> <span class='ocrx_word' id='word_1_177' title='bbox 1810 4018 1877 4125; x_wconf 90' lang='lat'>(2)</span> <span class='ocrx_word' id='word_1_178' title='bbox 1909 3986 1983 4098; x_wconf 88' lang='lat' dir='ltr'>una</span> 
     </span>
     <span class='ocr_line' id='line_1_21' title="bbox 391 4173 1983 4281; baseline 0.001 -26"><span class='ocrx_word' id='word_1_179' title='bbox 391 4176 481 4255; x_wconf 79' lang='lat' dir='ltr'>infra</span> <span class='ocrx_word' id='word_1_180' title='bbox 515 4177 560 4255; x_wconf 93' lang='lat' dir='ltr'>de</span> <span class='ocrx_word' id='word_1_181' title='bbox 592 4175 706 4280; x_wconf 88' lang='lat' dir='ltr'>paleis</span> <span class='ocrx_word' id='word_1_182' title='bbox 738 4176 988 4278; x_wconf 87' lang='lat' dir='ltr'>congregatis.</span> <span class='ocrx_word' id='word_1_183' title='bbox 1032 4193 1067 4253; x_wconf 93' lang='lat' dir='ltr'>et</span> <span class='ocrx_word' id='word_1_184' title='bbox 1105 4174 1151 4253; x_wconf 89' lang='lat' dir='ltr'>de</span> <span class='ocrx_word' id='word_1_185' title='bbox 1184 4202 1256 4253; x_wconf 91' lang='lat' dir='ltr'>una</span> <span class='ocrx_word' id='word_1_186' title='bbox 1290 4194 1435 4281; x_wconf 15' lang='lat' dir='ltr'>carrata,</span> <span class='ocrx_word' id='word_1_187' title='bbox 1456 4173 1654 4279; x_wconf 89' lang='lat' dir='ltr'>palearum.</span> <span class='ocrx_word' id='word_1_188' title='bbox 1688 4203 1756 4255; x_wconf 90' lang='lat' dir='ltr'>nec</span> <span class='ocrx_word' id='word_1_189' title='bbox 1789 4175 1836 4256; x_wconf 89' lang='lat' dir='ltr'>de</span> <span class='ocrx_word' id='word_1_190' title='bbox 1869 4175 1983 4281; x_wconf 89' lang='lat' dir='ltr'>paleis</span> 
     </span>
     <span class='ocr_line' id='line_1_22' title="bbox 391 4331 1982 4439; baseline -0.001 -25"><span class='ocrx_word' id='word_1_191' title='bbox 391 4334 579 4439; x_wconf 89' lang='lat' dir='ltr'>spantiatis</span> <span class='ocrx_word' id='word_1_192' title='bbox 599 4332 658 4411; x_wconf 91' lang='lat' dir='ltr'>uel</span> <span class='ocrx_word' id='word_1_193' title='bbox 677 4331 723 4412; x_wconf 91' lang='lat' dir='ltr'>de</span> <span class='ocrx_word' id='word_1_194' title='bbox 743 4331 857 4436; x_wconf 89' lang='lat' dir='ltr'>paleis</span> <span class='ocrx_word' id='word_1_195' title='bbox 882 4358 998 4411; x_wconf 86' lang='lat' dir='ltr'>auene</span> <span class='ocrx_word' id='word_1_196' title='bbox 1023 4358 1093 4434; x_wconf 88' lang='lat' dir='ltr'>que</span> <span class='ocrx_word' id='word_1_197' title='bbox 1118 4351 1382 4435; x_wconf 88' lang='lat' dir='ltr'>reponerentur</span> <span class='ocrx_word' id='word_1_198' title='bbox 1412 4358 1520 4412; x_wconf 90' lang='lat' dir='ltr'>causa</span> <span class='ocrx_word' id='word_1_199' title='bbox 1544 4331 1665 4412; x_wconf 89' lang='lat' dir='ltr'>alendi</span> <span class='ocrx_word' id='word_1_200' title='bbox 1689 4331 1835 4413; x_wconf 90' lang='lat' dir='ltr'>bestias.</span> <span class='ocrx_word' id='word_1_201' title='bbox 1861 4333 1982 4439; x_wconf 92' lang='lat' dir='ltr'>aliqua</span> 
     </span>
     <span class='ocr_line' id='line_1_23' title="bbox 391 4487 1981 4594; baseline -0.001 -24"><span class='ocrx_word' id='word_1_202' title='bbox 391 4517 547 4594; x_wconf 88' lang='lat' dir='ltr'>persona</span> <span class='ocrx_word' id='word_1_203' title='bbox 580 4517 657 4567; x_wconf 92' lang='lat' dir='ltr'>non</span> <span class='ocrx_word' id='word_1_204' title='bbox 689 4507 854 4568; x_wconf 88' lang='lat' dir='ltr'>teneatur</span> <span class='ocrx_word' id='word_1_205' title='bbox 889 4488 935 4567; x_wconf 91' lang='lat' dir='ltr'>de</span> <span class='ocrx_word' id='word_1_206' title='bbox 968 4487 1088 4592; x_wconf 88' lang='lat' dir='ltr'>aliqua</span> <span class='ocrx_word' id='word_1_207' title='bbox 1115 4515 1221 4592; x_wconf 92' lang='lat' dir='ltr'>pena.</span> <span class='ocrx_word' id='word_1_208' title='bbox 1256 4507 1292 4567; x_wconf 89' lang='lat' dir='ltr'>et</span> <span class='ocrx_word' id='word_1_209' title='bbox 1323 4506 1489 4592; x_wconf 89' lang='lat' dir='ltr'>potestas</span> <span class='ocrx_word' id='word_1_210' title='bbox 1516 4516 1593 4568; x_wconf 94' lang='lat' dir='ltr'>non</span> <span class='ocrx_word' id='word_1_211' title='bbox 1625 4490 1744 4593; x_wconf 90' lang='lat' dir='ltr'>possit</span> <span class='ocrx_word' id='word_1_212' title='bbox 1776 4489 1862 4569; x_wconf 91' lang='lat' dir='ltr'>inde</span> <span class='ocrx_word' id='word_1_213' title='bbox 1895 4489 1981 4569; x_wconf 91' lang='lat' dir='ltr'>dare</span> 
     </span>
     <span class='ocr_line' id='line_1_24' title="bbox 392 4643 1982 4750; baseline -0.001 -24"><span class='ocrx_word' id='word_1_214' title='bbox 392 4647 577 4727; x_wconf 88' lang='lat' dir='ltr'>licentiam</span> <span class='ocrx_word' id='word_1_215' title='bbox 605 4645 711 4726; x_wconf 89' lang='lat' dir='ltr'>alicui</span> <span class='ocrx_word' id='word_1_216' title='bbox 740 4673 911 4750; x_wconf 89' lang='lat' dir='ltr'>persone.</span> <span class='ocrx_word' id='word_1_217' title='bbox 942 4665 978 4725; x_wconf 89' lang='lat' dir='ltr'>et</span> <span class='ocrx_word' id='word_1_218' title='bbox 1007 4646 1037 4724; x_wconf 92' lang='lat' dir='ltr'>si</span> <span class='ocrx_word' id='word_1_219' title='bbox 1065 4643 1185 4749; x_wconf 89' lang='lat' dir='ltr'>aliqua</span> <span class='ocrx_word' id='word_1_220' title='bbox 1208 4670 1365 4750; x_wconf 91' lang='lat' dir='ltr'>persona</span> <span class='ocrx_word' id='word_1_221' title='bbox 1393 4644 1646 4726; x_wconf 87' lang='lat' dir='ltr'>contrafecerit</span> <span class='ocrx_word' id='word_1_222' title='bbox 1671 4664 1707 4725; x_wconf 88' lang='lat' dir='ltr'>et</span> <span class='ocrx_word' id='word_1_223' title='bbox 1735 4675 1755 4725; x_wconf 93' lang='lat' dir='ltr'>a</span> <span class='ocrx_word' id='word_1_224' title='bbox 1783 4646 1885 4727; x_wconf 93' lang='lat' dir='ltr'>dicto</span> <span class='ocrx_word' id='word_1_225' title='bbox 1912 4666 1982 4726; x_wconf 90' lang='lat' dir='ltr'>ter·</span> 
     </span>
     <span class='ocr_line' id='line_1_25' title="bbox 390 4802 1981 4918; baseline -0.001 -33"><span class='ocrx_word' id='word_1_226' title='bbox 390 4806 495 4885; x_wconf 92' lang='lat' dir='ltr'>mino</span> <span class='ocrx_word' id='word_1_227' title='bbox 515 4803 607 4883; x_wconf 86' lang='lat' dir='ltr'>ultra</span> <span class='ocrx_word' id='word_1_228' title='bbox 627 4803 745 4883; x_wconf 91' lang='lat' dir='ltr'>ullum</span> <span class='ocrx_word' id='word_1_229' title='bbox 773 4803 976 4908; x_wconf 92' lang='lat' dir='ltr'>dampnum</span> <span class='ocrx_word' id='word_1_230' title='bbox 1006 4802 1134 4882; x_wconf 90' lang='lat' dir='ltr'>datum</span> <span class='ocrx_word' id='word_1_231' title='bbox 1163 4802 1271 4881; x_wconf 85' lang='lat' dir='ltr'>fuerit</span> <span class='ocrx_word' id='word_1_232' title='bbox 1299 4805 1335 4882; x_wconf 92' lang='lat' dir='ltr'>in</span> <span class='ocrx_word' id='word_1_233' title='bbox 1365 4803 1482 4883; x_wconf 89' lang='lat' dir='ltr'>bladis</span> <span class='ocrx_word' id='word_1_234' title='bbox 1509 4803 1569 4884; x_wconf 90' lang='lat' dir='ltr'>uel</span> <span class='ocrx_word' id='word_1_235' title='bbox 1597 4807 1706 4918; x_wconf 75' lang='lat' dir='ltr'>rebus</span> <span class='ocrx_word' id='word_1_236' title='bbox 1722 4805 1885 4909; x_wconf 89' lang='lat' dir='ltr'>predicte</span> <span class='ocrx_word' id='word_1_237' title='bbox 1903 4833 1981 4910; x_wconf 89' lang='lat' dir='ltr'>per·</span> 
     </span>
     <span class='ocr_line' id='line_1_26' title="bbox 391 4959 1980 5068; baseline -0.001 -26"><span class='ocrx_word' id='word_1_238' title='bbox 391 4989 482 5042; x_wconf 89' lang='lat' dir='ltr'>sone</span> <span class='ocrx_word' id='word_1_239' title='bbox 521 4960 815 5042; x_wconf 82' lang='lat' dir='ltr'>contrafacientis</span> <span class='ocrx_word' id='word_1_240' title='bbox 851 4960 995 5039; x_wconf 92' lang='lat' dir='ltr'>nullum</span> <span class='ocrx_word' id='word_1_241' title='bbox 1031 4963 1195 5039; x_wconf 92' lang='lat' dir='ltr'>bannum</span> <span class='ocrx_word' id='word_1_242' title='bbox 1232 4959 1292 5039; x_wconf 87' lang='lat' dir='ltr'>&#39;uel</span> <span class='ocrx_word' id='word_1_243' title='bbox 1330 4960 1485 5040; x_wconf 90' lang='lat' dir='ltr'>emenda</span> <span class='ocrx_word' id='word_1_244' title='bbox 1523 4961 1590 5068; x_wconf 82' lang='lat'>(3)</span> <span class='ocrx_word' id='word_1_245' title='bbox 1627 4960 1790 5040; x_wconf 90' lang='lat' dir='ltr'>soluatur</span> <span class='ocrx_word' id='word_1_246' title='bbox 1828 4961 1980 5042; x_wconf 87' lang='lat' dir='ltr'>durante</span> 
     </span>
     <span class='ocr_line' id='line_1_27' title="bbox 391 5116 1983 5225; baseline 0 -25"><span class='ocrx_word' id='word_1_247' title='bbox 391 5121 573 5224; x_wconf 88' lang='lat' dir='ltr'>regimine</span> <span class='ocrx_word' id='word_1_248' title='bbox 601 5120 794 5224; x_wconf 91' lang='lat' dir='ltr'>potestatis</span> <span class='ocrx_word' id='word_1_249' title='bbox 821 5119 907 5198; x_wconf 92' lang='lat' dir='ltr'>dicti</span> <span class='ocrx_word' id='word_1_250' title='bbox 938 5119 1127 5222; x_wconf 83' lang='lat' dir='ltr'>temporis</span> <span class='ocrx_word' id='word_1_251' title='bbox 1149 5116 1320 5198; x_wconf 85' lang='lat' dir='ltr'>eamdem</span> <span class='ocrx_word' id='word_1_252' title='bbox 1339 5145 1472 5222; x_wconf 90' lang='lat' dir='ltr'>penam</span> <span class='ocrx_word' id='word_1_253' title='bbox 1492 5120 1692 5198; x_wconf 88' lang='lat' dir='ltr'>substineat</span> <span class='ocrx_word' id='word_1_254' title='bbox 1720 5119 1882 5222; x_wconf 89' lang='lat' dir='ltr'>quelibet</span> <span class='ocrx_word' id='word_1_255' title='bbox 1904 5149 1983 5225; x_wconf 91' lang='lat' dir='ltr'>per·</span> 
     </span>
     <span class='ocr_line' id='line_1_28' title="bbox 393 5275 1980 5383; baseline -0.001 -24"><span class='ocrx_word' id='word_1_256' title='bbox 393 5307 484 5359; x_wconf 91' lang='lat' dir='ltr'>sona</span> <span class='ocrx_word' id='word_1_257' title='bbox 512 5307 583 5383; x_wconf 92' lang='lat' dir='ltr'>que</span> <span class='ocrx_word' id='word_1_258' title='bbox 610 5279 794 5383; x_wconf 88' lang='lat' dir='ltr'>possuerit</span> <span class='ocrx_word' id='word_1_259' title='bbox 821 5276 960 5381; x_wconf 91' lang='lat' dir='ltr'>aliquas</span> <span class='ocrx_word' id='word_1_260' title='bbox 988 5303 1128 5357; x_wconf 89' lang='lat' dir='ltr'>messes</span> <span class='ocrx_word' id='word_1_261' title='bbox 1160 5275 1219 5356; x_wconf 92' lang='lat' dir='ltr'>uel</span> <span class='ocrx_word' id='word_1_262' title='bbox 1261 5278 1545 5380; x_wconf 85' lang='lat' dir='ltr'>congregauerit</span> <span class='ocrx_word' id='word_1_263' title='bbox 1574 5278 1611 5356; x_wconf 92' lang='lat' dir='ltr'>in</span> <span class='ocrx_word' id='word_1_264' title='bbox 1639 5276 1726 5357; x_wconf 88' lang='lat' dir='ltr'>uilla</span> <span class='ocrx_word' id='word_1_265' title='bbox 1755 5280 1980 5358; x_wconf 89' lang='lat' dir='ltr'>baennarum</span> 
     </span>
    </p>
   </div>
   <div class='ocr_carea' id='block_1_9' title="bbox 393 5433 1795 5541">
    <p class='ocr_par' dir='ltr' id='par_1_10' title="bbox 393 5433 1795 5541">
     <span class='ocr_line' id='line_1_29' title="bbox 393 5433 1795 5541; baseline -0.002 -24"><span class='ocrx_word' id='word_1_266' title='bbox 393 5437 554 5541; x_wconf 89' lang='lat' dir='ltr'>exceptis</span> <span class='ocrx_word' id='word_1_267' title='bbox 581 5437 804 5516; x_wconf 90' lang='lat' dir='ltr'>mexonibus</span> <span class='ocrx_word' id='word_1_268' title='bbox 832 5437 1146 5514; x_wconf 87' lang='lat' dir='ltr'>mexonariorum.</span> <span class='ocrx_word' id='word_1_269' title='bbox 1176 5454 1212 5514; x_wconf 95' lang='lat' dir='ltr'>et</span> <span class='ocrx_word' id='word_1_270' title='bbox 1240 5434 1340 5514; x_wconf 91' lang='lat' dir='ltr'>idem</span> <span class='ocrx_word' id='word_1_271' title='bbox 1369 5433 1594 5538; x_wconf 87' lang='lat' dir='ltr'>intelligatur</span> <span class='ocrx_word' id='word_1_272' title='bbox 1623 5436 1668 5514; x_wconf 91' lang='lat' dir='ltr'>de</span> <span class='ocrx_word' id='word_1_273' title='bbox 1697 5434 1795 5515; x_wconf 83' lang='lat' dir='ltr'>folia.</span> 
     </span>
    </p>
   </div>
   <div class='ocr_carea' id='block_1_10' title="bbox 0 0 2405 6692">
    <p class='ocr_par' dir='ltr' id='par_1_11' title="bbox 0 0 2405 6692">
     <span class='ocr_line' id='line_1_30' title="bbox 0 0 2405 6692; baseline 0 0"><span class='ocrx_word' id='word_1_274' title='bbox 0 0 2405 6692; x_wconf 95' lang='lat' dir='ltr'> </span> 
     </span>
    </p>
   </div>
  </div>
 </body>
</html>
