4800 6696
188 679 259 769 392
382 627 532 795 QUOD
551 694 670 748 OMNIA
690 692 857 747 CONSlLlA
876 690 1072 744 LEGANTUR
1091 691 1128 742 IN
1147 688 1323 743 CONSILIO.

447 887 596 1087 &aaut
615 1020 702 1073 aditur
720 1019 834 1089 capitulo
854 1020 926 1072 cuius
944 1019 1045 1072 rubrica
1065 1018 1192 1088 estquod
1212 1018 1302 1071 omnia
1321 1018 1430 1072 consilia
1457 1017 1581 1088 legantur
1600 1014 1626 1066 in
1647 1015 1757 1068 consilio
1775 1015 1816 1081 (2)
1836 1012 1905 1082 quod
1919 1011 1970 1065 sin·

381 1145 431 1198 dici
450 1145 570 1198 comunis
591 1145 737 1197 bennarum
755 1154 895 1196 teneantur
913 1158 970 1196 esse
990 1159 1050 1195 cum
1069 1127 1174 1195 notario
1193 1142 1315 1196 comunis
1334 1157 1380 1195 seu
1400 1141 1471 1211 curie
1489 1141 1522 1193 ad
1542 1141 1696 1194 dictandum
1714 1139 1900 1194 ordinamenta
1922 1156 1972 1208 que

382 1267 446 1322 fient
464 1268 492 1321 iu
512 1268 583 1321 dicto
603 1267 729 1320 conscilio
747 1279 774 1319 et
792 1267 862 1337 quod
880 1266 924 1337 qui
946 1265 1024 1318 suerit
1042 1266 1159 1318 notarius
1188 1266 1334 1319 bennarum
1358 1281 1414 1318 non
1433 1264 1515 1334 possit
1536 1280 1585 1317 nec
1604 1263 1698 1317 debeat
1715 1264 1763 1318 sub
1781 1262 1889 1317 vinculo
1907 1261 1973 1316 iura-

382 1392 464 1444 menti
484 1391 596 1444 scribere
616 1389 702 1461 aliqua
721 1389 904 1443 ordinamenta
924 1390 974 1442 nisi
993 1389 1156 1459 presentibus
1184 1387 1260 1441 dictis
1290 1386 1396 1441 sindicis
1415 1399 1442 1441 et
1461 1388 1533 1457 quod
1554 1399 1668 1456 potestas
1685 1398 1806 1440 teneatur
1825 1385 1909 1439 facere
1927 1386 1972 1438 ob·

381 1531 485 1567 seruare
505 1513 619 1583 predicta
638 1515 685 1566 sub
704 1514 810 1566 vinculo
829 1513 976 1565 iuramenti.
996 1513 1071 1566 aliter

387 1927 466 2049 DE
485 1994 857 2053 CONDEMNATIONIBUS
875 1993 1020 2047 FIENDIS.

451 2189 600 2385 Quen
619 2331 744 2373 statutum
764 2333 803 2372 est
816 2331 842 2372 et
855 2318 958 2371 additur
977 2318 1091 2387 capitulo
1109 2319 1181 2371 cuius
1200 2319 1301 2371 rubrica
1321 2330 1361 2370 est
1377 2319 1410 2371 de
1428 2319 1691 2372 condemnationibus
1709 2318 1833 2372 iaciendis
1851 2321 1895 2389 (3)
1907 2320 1977 2388 quod

384 2444 462 2497 iudex
481 2455 601 2498 teneatur
620 2443 755 2496 absoluere
774 2442 817 2495 uel
838 2432 1016 2495 condemnare
1035 2458 1128 2494 omnes
1148 2457 1285 2511 processus
1297 2454 1323 2495 et
1336 2459 1454 2495 accussas
1474 2443 1636 2511 presentibus
1649 2443 1749 2495 duobus
1761 2441 1794 2494 ad
1808 2443 1859 2530 lroc
1872 2441 1975 2496 ellectis

384 2579 411 2620 et
429 2579 570 2637 antequam
589 2566 694 2619 recedat
713 2566 746 2618 de
765 2565 864 2619 bennis.
884 2565 906 2618 si
925 2565 1066 2618 absoluerit
1088 2565 1130 2617 uel
1149 2565 1377 2618 comdemnauerit
1405 2576 1519 2634 potestas
1547 2582 1593 2618 seu
1620 2566 1686 2618 alter
1713 2566 1790 2618 iudex
1819 2581 1873 2618 non
1896 2565 1978 2634 possit

385 2703 475 2760 postea
495 2707 523 2742 se
541 2689 725 2743 intromittere.
737 2701 763 2742 et
781 2690 803 2741 si
821 2688 1011 2742 contrafactum
1030 2689 1108 2741 suerit
1127 2688 1187 2742 talis
1200 2689 1388 2742 condemnatio
1399 2691 1434 2742 sit
1448 2688 1545 2742 nullius
1559 2689 1663 2743 ualoris.
1679 2689 1711 2742 Et
1724 2701 1839 2758 potestas
1852 2686 1975 2743 teneatur

384 2828 467 2883 quum
487 2813 570 2866 iacere
590 2811 645 2865 fieri
665 2812 778 2865 voluerit
797 2813 1031 2866 condemnationes
1051 2813 1210 2882 preconizari
1231 2812 1314 2866 facere
1333 2813 1459 2882 desuper
1477 2813 1624 2883 campanile
1643 2814 1790 2866 bennarum
1808 2829 1854 2883 per
1873 2832 1908 2864 xv
1922 2779 1977 2867 dies

387 2949 529 3007 antequam
549 2938 618 2989 dicte
637 2937 871 2990 condemnationes
892 2936 956 2989 fiant
975 2938 996 2990 si
1015 2954 1065 3006 qua
1085 2953 1195 3006 persona
1216 2937 1329 2991 voluerit
1353 2938 1475 3009 allegare.
1497 2950 1523 2991 et
1541 2938 1611 3009 quod
1630 2950 1751 2992 teneatur
1769 2920 1860 2991 audire
1879 2937 1978 2992 dellen-

387 3061 489 3114 sionem
509 3060 695 3129 cuiuscumque
713 3076 824 3129 persone
842 3060 974 3129 inculpate
993 3061 1035 3113 vel
1055 3072 1186 3113 accussate
1205 3061 1238 3114 de
1257 3060 1344 3131 aliqua
1363 3079 1391 3114 re
1409 3078 1491 3131 usque
1510 3062 1542 3114 ad
1561 3061 1720 3115 sententiam
1739 3060 1922 3114 deffinitiuam.

393 3474 471 3597 DE
491 3544 718 3597 METENTIBUS
737 3543 858 3597 ERBAM
877 3544 914 3596 IN
933 3543 1072 3597 ALlENlS
1091 3543 1226 3597 PRATIS.

458 3737 606 3939 Quen
628 3872 738 3925 addatur
757 3873 871 3942 capitulo
890 3874 965 3926 cuius
984 3875 1085 3926 rubrica
1105 3886 1144 3927 est
1162 3875 1195 3926 de
1214 3874 1374 3927 metentibus
1393 3876 1482 3927 erbam
1501 3875 1529 3927 in
1548 3874 1635 3928 alieno
1655 3886 1728 3944 prato
1747 3878 1790 3944 (4)
1808 3876 1878 3945 quod
1897 3876 1920 3928 si
1938 3875 1983 3926 ali-

393 4013 443 4066 qua
463 4012 574 4065 persona
594 3995 701 4049 inuenta
720 3995 797 4049 suerit
817 4013 861 4066 per
881 3997 1027 4066 camparios
1045 3998 1190 4050 bennarum
1210 3997 1253 4050 vel
1271 3997 1387 4068 aliquem
1406 3999 1525 4067 ipsorum
1550 3999 1592 4051 vel
1620 4015 1666 4068 per
1692 3998 1808 4068 aliquam
1829 3998 1910 4051 aliam
1929 4014 1983 4067 per-

393 4135 487 4172 sonam
506 4120 652 4189 aportando
671 4121 714 4173 vel
733 4137 813 4190 penes
831 4137 859 4174 se
878 4122 1000 4174 habendo
1019 4121 1113 4175 alicubi
1132 4123 1158 4175 in
1179 4121 1231 4174 fine
1251 4123 1397 4175 bennarum
1416 4123 1532 4192 aliquam
1551 4124 1649 4176 erbam.
1663 4133 1689 4176 et
1707 4122 1794 4175 eidem
1807 4122 1901 4175 dixerit
1913 4122 1983 4191 quod

396 4243 475 4295 vadat
493 4244 526 4295 ad
546 4246 748 4297 monstrandum
767 4245 855 4298 locum
874 4245 923 4315 ipsi
942 4247 1073 4316 campanio
1093 4246 1135 4300 uel
1155 4263 1266 4316 persone
1285 4247 1327 4298 vbi
1347 4247 1423 4299 metit
1444 4246 1542 4299 dictam
1568 4248 1666 4300 erbam.
1685 4247 1753 4299 dicta
1773 4263 1885 4316 persona
1904 4261 1984 4315 penes

395 4383 474 4436 quam
493 4367 600 4419 inuenta
621 4366 781 4421 fueritdicta
800 4369 860 4421 erba
878 4381 999 4430 teneatur
1018 4370 1191 4423 incontinenti
1210 4369 1350 4423 ostendere
1369 4370 1456 4422 locum
1476 4368 1574 4439 inquo
1595 4369 1671 4422 metit
1692 4368 1790 4423 dictam
1809 4370 1899 4422 erbam
1918 4369 1984 4422 etsi

395 4490 464 4544 dicta
484 4506 594 4560 persona
616 4492 754 4546 ostendere
779 4495 950 4547 recussauerit
977 4494 1077 4548 dictum
1096 4496 1185 4548 locum
1205 4496 1284 4565 possit
1303 4493 1431 4547 accussari
1454 4493 1680 4563 quemadmodum
1698 4493 1720 4546 si
1739 4493 1822 4562 ipsam
1842 4492 1986 4568 inuenisset

397 4615 521 4668 metendo
540 4614 639 4668 dictam
660 4616 750 4669 erbam
769 4629 795 4669 et
814 4617 840 4668 in
860 4618 906 4670 illo
925 4635 985 4672 casu
1005 4618 1108 4672 soluere
1126 4630 1245 4672 teneatur
1265 4620 1390 4671 bamnum

400 5028 550 5196 QUOD
569 5104 752 5159 POTESTAS
770 5104 846 5158 NON
866 5104 1001 5158 CAPIr'lT
1019 5104 1088 5158 UEL
1107 5104 1244 5157 EXIGAT
1264 5103 1430 5168 ALIQUOD
1449 5103 1612 5157 BAMNUM.

466 5291 614 5490 Qatnu
633 5437 760 5477 statutum
779 5437 817 5477 est
835 5424 905 5493 quod
925 5435 1040 5492 potestas
1059 5424 1205 5476 bennarum
1233 5422 1277 5492 qui
1306 5421 1399 5474 iurabit
1426 5439 1504 5474 suum
1525 5421 1643 5474 officium
1665 5421 1732 5474 iuret
1751 5432 1777 5474 et
1795 5422 1934 5474 obseruare
1952 5432 1988 5473 te·

401 5561 492 5601 neatur
511 5550 558 5602 sub
578 5548 683 5601 vinculo
702 5548 841 5600 iuramenti
861 5563 968 5617 presens
987 5545 1139 5616 capitulum.
1159 5544 1258 5599 scilicet
1277 5545 1349 5615 quod
1368 5561 1423 5597 non
1443 5546 1528 5615 capiat
1542 5545 1639 5615 aliquid
1659 5544 1702 5598 uel
1720 5544 1835 5615 aliquam
1850 5542 1988 5613 pecuniam
