4800 6698
311 639 380 738 165
484 561 597 728 DE
624 637 817 722 FURTIS.
873 677 888 688 a

549 843 744 1046 Qum
770 963 949 1027 statutum
978 964 1034 1027 est
1061 944 1162 1052 quod
1191 946 1222 1026 si
1251 945 1372 1050 aliqua
1391 971 1548 1051 persona
1576 945 1703 1026 lecerit
1729 944 1881 1051 aliquod
1910 943 2104 1027 furtumin

502 1106 591 1187 uilla
619 1106 846 1186 baennarum
865 1104 926 1185 uel
943 1131 1055 1210 posse
1074 1132 1094 1184 a
1114 1105 1274 1184 denariis
1300 1131 1351 1185 xn
1377 1104 1469 1184 inira
1497 1103 1619 1184 soluat
1646 1131 1715 1209 pro
1743 1131 1837 1209 pena
1867 1102 2011 1186 solidos
2038 1131 2104 1186 xx.

504 1285 541 1346 et
569 1266 600 1345 si
628 1291 707 1345 non
734 1263 886 1344 haberet
912 1264 1012 1344 unde
1041 1262 1203 1344 solueret
1231 1261 1447 1366 frustigetur
1475 1260 1536 1342 uel
1563 1281 1722 1367 ponatur
1745 1261 1792 1342 ad
1810 1261 2043 1367 pellerinum.
2068 1282 2105 1344 et

503 1425 532 1505 si
562 1422 701 1503 furtum
734 1421 842 1503 fuerit
869 1451 891 1503 a
918 1421 1078 1502 denariis
1104 1449 1156 1503 xn
1184 1448 1291 1526 supra
1328 1446 1445 1526 usque
1474 1421 1512 1500 in
1541 1419 1686 1501 solidos
1713 1448 1738 1498 v
1766 1418 1888 1501 soluat
1914 1447 1983 1526 pro
2010 1448 2105 1526 pena

496 1581 647 1663 'solidos
674 1608 734 1662 xx.
764 1600 801 1661 et
830 1581 861 1661 si
888 1607 967 1661 non
994 1578 1146 1660 haberet
1173 1579 1273 1659 unde
1301 1578 1466 1659 solueret
1492 1605 1629 1684 penam
1665 1598 1877 1684 amputetur
1912 1579 1990 1674 siue
2017 1580 2104 1660 inci·

501 1740 610 1819 detur
638 1740 671 1820 ei
700 1738 902 1819 auriculam
929 1737 990 1819 uel
1018 1757 1197 1843 coquatur
1216 1739 1255 1817 in
1273 1735 1396 1818 fronte
1425 1737 1504 1817 siue
1532 1735 1637 1818 facie.
1658 1755 1696 1818 et
1714 1737 1745 1818 si
1764 1735 1872 1817 luerit
1889 1766 1911 1816 a
1930 1736 2061 1818 solidis
2078 1766 2103 1816 v

493 1925 617 2014 usque
645 1897 691 1978 ad
720 1896 864 1978 solidos
891 1925 917 1978 x
946 1896 1069 1977 soluat
1096 1923 1164 2001 pro
1192 1924 1287 2003 pena
1320 1894 1465 1977 solidos
1492 1922 1529 1977 c.
1557 1914 1595 1976 et
1622 1895 1669 1976 de
1698 1895 1830 1976 solidis
1856 1923 1883 1976 x
1910 1895 2102 2001 usquead

501 2056 646 2137 solidos
672 2085 723 2136 xx
751 2055 861 2136 libras
888 2083 927 2136 x.
957 2055 1068 2136 etde
1097 2054 1228 2136 solidis
1256 2082 1308 2137 xx
1337 2083 1444 2162 supra
1473 2054 1583 2136 libras
1609 2083 1697 2136 xxv.
1726 2056 1774 2135 Et
1801 2056 1832 2135 si
1851 2081 1929 2136 non
1953 2053 2103 2136 haberet

498 2215 599 2296 unde
628 2215 792 2296 solueret
818 2242 955 2320 penam
982 2201 1128 2295 amittat
1155 2213 1291 2319 pedem
1318 2214 1380 2296 uel
1407 2241 1563 2294 manum
1591 2215 1621 2294 si
1648 2231 1816 2319 potestas
1847 2241 1936 2294 eum
1966 2214 2101 2295 habere

407 2383 409 2386 ’
497 2376 647 2480 poterit.
668 2393 706 2454 et
724 2373 863 2455 furtum
890 2400 976 2454 cum
994 2399 1090 2478 pena
1117 2371 1230 2478 legali
1258 2372 1445 2454 emendet.
1466 2375 1512 2452 Et
1532 2371 1690 2453 siluerit
1716 2374 1940 2478 approbatus
1957 2371 2005 2453 de
2022 2399 2100 2454 uno

498 2532 597 2613 furto
635 2532 757 2613 soluat
793 2532 949 2638 duplum
977 2551 1015 2614 et
1042 2532 1089 2613 de
1116 2531 1265 2613 duobus
1299 2531 1463 2638 triplum.
1492 2550 1530 2613 et
1557 2530 1604 2612 de
1636 2530 1754 2612 tribus
1789 2529 1895 2611 furtis
1929 2531 2101 2637 puniatur

500 2691 705 2773 secundum
735 2690 996 2773 iurisformam.
1026 2710 1063 2772 et
1091 2692 1122 2771 si
1150 2689 1267 2771 furtus
1294 2690 1432 2772 factum
1460 2688 1567 2770 luerit
1594 2691 1633 2770 in
1660 2689 1748 2771 uilla
1783 2688 2012 2771 baennarum
2039 2688 2100 2770 uel

498 2872 601 2932 extra
628 2850 758 2932 uillam
786 2851 824 2931 in
852 2869 964 2931 nocte
993 2853 1157 2930 bannum
1186 2850 1352 2954 superius
1379 2848 1596 2954 duplicetur.

304 3298 376 3376 166
484 3220 598 3387 DE
625 3296 872 3380 INUENTIS
898 3296 955 3378 IN
979 3294 1147 3378 DOMO
1175 3295 1412 3381 ALICUIUS
1428 3297 1497 3382 DE
1514 3297 1712 3382 NOCTE.
1763 3318 1767 3327 “

511 3594 512 3597 Ὺ
550 3517 736 3720 Quen
764 3602 943 3696 statutum
971 3625 1033 3695 'est
1056 3590 1157 3721 quod
1186 3585 1217 3695 si
1243 3613 1377 3720 aliquis
1394 3605 1586 3695 ‘inuenerit
1613 3597 1776 3721 aliquem
1798 3592 1843 3697 ‘in
1870 3615 1990 3696 domo
2009 3598 2095 3696 sua.

495 3775 556 3855 uel
585 3778 624 3855 in
653 3795 754 3856 curte
780 3794 869 3881 post
896 3773 1069 3855 ultimam
1097 3801 1316 3879 campanam
1358 3774 1437 3853 sine
1478 3756 1620 3854 lumine
1637 3772 1709 3855 'uel
1736 3771 1824 3856 foco
1853 3793 1890 3856 et
1916 3775 2096 3856 dominus

494 3934 634 4016 domus
660 3931 722 4014 uel
749 3933 842 4015 alius
870 3934 949 4014 eius
975 3932 1113 4013 familie
1143 3958 1228 4012 eum
1256 3933 1476 4037 percusserit
1502 3932 1564 4013 uel
1591 3932 1813 4014 interfecerit
1838 3933 1885 4015 de
1903 3962 1998 4040 pena
2016 3962 2094 4015 non

495 4113 674 4175 teneatur.
705 4129 736 4178 et
759 4112 786 4177 si
809 4111 880 4199 quis
902 4111 1051 4177 inuentus
1074 4107 1167 4176 fuerit
1190 4110 1225 4176 in
1247 4106 1348 4177 domo
1371 4107 1504 4176 alicuius
1600 4102 1602 4109 ’
1904 4108 2008 4177 soluat
2035 4134 2095 4200 pro

497 4269 603 4337 banno
627 4268 722 4335 libras
750 4269 976 4358 quinquaginta
1004 4276 1076 4332 curie
1093 4277 1260 4332 baennarnm
1277 4287 1305 4332 et
1322 4276 1449 4332 dominus
1466 4287 1585 4348 potestas
1604 4277 1688 4348 possit
1705 4287 1733 4332 et
1750 4277 1847 4334 debeat
1864 4278 1997 4351 inquirere
2015 4281 2068 4351 (3).

300 4686 371 4793 167
480 4613 593 4780 DE
633 4688 831 4774 INIURIA
870 4690 1032 4773 DICTA
1080 4722 1128 4778 m
1150 4723 1274 4779 mern
1305 4692 1479 4778 ALlCUI
1518 4694 1807 4782 EXTRANEO
1846 4699 1915 4783 AB
1954 4700 2083 4785 ALIO

638 4848 941 4933 EXTRANEO.

545 5069 734 5272 ἔξω
762 5191 942 5257 statutum
961 5192 1017 5254 est
1036 5172 1137 5280 quod
1167 5175 1197 5254 si
1225 5174 1346 5280 aliqua
1363 5201 1522 5280 persona
1541 5193 1714 5257 extranea
1741 5179 1874 5260 dixerit
1892 5177 1996 5258 alteri
2014 5204 2091 5285 per-

495 5359 587 5413 sone
607 5353 779 5415 extranee
798 5334 949 5441 aliquod
968 5335 1124 5414 uerbum
1152 5332 1374 5414 iniuriosum
1393 5335 1432 5414 in
1451 5336 1704 5418 iurisdictione
1722 5337 1950 5418 baennarum
1969 5337 2090 5420 soluat

495 5519 565 5596 pro
594 5519 689 5597 pena
717 5493 871 5597 quocies
898 5492 1031 5573 dixerit
1058 5491 1222 5598 predicta
1250 5490 1394 5573 solidos
1420 5520 1458 5575 v.
1487 5495 1533 5573 Et
1561 5495 1592 5575 si
1618 5522 1715 5576 unus
1742 5514 1938 5577 extraneus
1956 5494 2089 5576 faceret
