4800 6696
1027 311 1203 414 XCIII

323 631 356 692 ab
374 629 460 701 aliqua
479 645 591 700 persona
608 630 642 685 de
660 630 754 685 bennis
771 630 815 684 uel
833 629 962 685 habitanti
981 630 1125 684 occaxione
1142 629 1251 683 alicuius
1269 629 1358 682 bamni
1377 628 1420 683 vel
1438 629 1588 701 aliquorum
1607 630 1765 685 hamnorum
1782 631 1834 686 nisi
1846 632 1917 702 prius

261 733 262 736 Ἰ
322 753 410 822 ipsam
428 754 569 823 pecuniam
587 751 669 823 recipi
687 753 778 808 fecerit
796 769 811 806 a
830 754 946 807 clauarIo
964 753 1086 807 comunis
1105 752 1256 807 bennarum
1274 752 1341 806 etsi
1360 750 1543 807 contrafecerit
1570 754 1675 807 amittat
1693 754 1726 807 de
1744 754 1801 808 eius
1819 754 1916 809 salario

321 875 422 930 solidos
439 891 477 931 Lx
495 888 621 930 astenses.

325 1190 404 1313 DE
424 1258 670 1315 BOSCANTIBUS
688 1258 726 1313 IN
745 1258 885 1314 ALIENIS
903 1258 1055 1314 BOSCHIS.

390 1449 540 1653 Quare
559 1596 687 1639 statutum
706 1585 835 1656 estquod
854 1585 876 1638 si
894 1584 982 1655 aliqua
1000 1599 1113 1653 persona
1135 1582 1257 1638 inciderit
1281 1584 1438 1638 scaluauerit
1456 1585 1554 1655 ceperit
1573 1584 1755 1638 aranchauerit
1771 1585 1814 1639 vel
1833 1586 1915 1640 modo

323 1708 414 1780 aliquo
433 1703 598 1762 boschauerit
616 1706 700 1762 viride
717 1707 762 1761 vel
779 1707 882 1762 sichum
900 1707 929 1760 in
947 1706 1036 1777 aliquo
1054 1706 1154 1760 boscho
1166 1706 1276 1760 alicuius
1288 1722 1401 1776 persone
1412 1707 1529 1777 spetialis
1541 1706 1568 1760 in
1582 1722 1658 1777 posse
1671 1707 1817 1762 bennuum
1828 1708 1916 1762 soluat

324 1848 372 1901 pro
390 1847 458 1902 pena
476 1847 525 1902 pro
543 1830 658 1902 qualibet
676 1831 769 1884 arbore
787 1846 878 1902 grossa
896 1832 908 1897 (
928 1832 940 1898 )

325 2147 404 2270 DE
424 2216 605 2280 QUATUOR
623 2215 852 2272 SAPIENTIBUS
870 2215 980 2270 SUPER
1000 2214 1262 2278 QUESTIONIBUS
1279 2215 1462 2270 SEDANDIS.

389 2409 539 2611 Quart
558 2554 687 2597 statutum
705 2512 745 2597 est
763 2543 834 2613 quod
853 2544 875 2597 si
894 2543 931 2596 lix
949 2560 996 2597 seu
1014 2543 1118 2614 questio
1136 2554 1205 2596 esset
1223 2542 1266 2596 vel
1284 2542 1395 2595 oriretur
1413 2542 1482 2596 inter
1500 2541 1600 2612 aliquas
1625 2558 1749 2612 personas
1768 2544 1801 2596 de
1820 2543 1913 2597 bennIs

321 2667 365 2721 vel
385 2666 421 2720 ibi
439 2665 589 2720 habitantes
608 2666 748 2720 occasione
771 2665 880 2719 alicuius
898 2666 936 2720 rei
954 2666 1060 2720 mobiIIs
1078 2665 1121 2720 vel
1139 2664 1285 2718 immobilis
1303 2664 1373 2735 quod
1393 2664 1508 2734 predicte
1526 2676 1613 2734 partes
1632 2665 1700 2719 inter
1719 2683 1783 2736 quas
1802 2666 1837 2719 lix
1858 2683 1913 2735 pre-

318 2790 390 2844 dicta
408 2802 478 2844 esset
496 2789 540 2842 vel
558 2789 671 2843 oriretur
690 2800 831 2843 teneantur
849 2801 876 2843 et
894 2788 1008 2842 debeant
1026 2805 1055 2843 se
1073 2805 1102 2843 se
1119 2789 1336 2858 compromittere
1348 2788 1381 2841 de
1394 2787 1464 2842 dicta
1481 2789 1620 2859 questione
1632 2788 1659 2841 in
1669 2800 1793 2858 quattuor
1812 2789 1913 2859 sapien-

318 2913 396 2967 tibus.
417 2913 461 2984 qui
480 2911 623 2983 elliguntur
641 2912 787 2966 secundum
805 2911 876 2981 quod
895 2911 1048 2965 ordinatum
1068 2910 1145 2965 fuerit
1163 2927 1208 2981 per
1232 2911 1372 2965 consilium
1391 2910 1520 2965 sotietatis
1538 2923 1565 2965 et
1582 2923 1722 2965 teneantur
1739 2912 1808 2965 dicte
1827 2923 1913 2982 partes

318 3048 347 3089 et
359 3036 475 3106 quelibet
493 3035 609 3105 ipsarum
627 3034 768 3089 ostendere
785 3034 844 3088 iura
862 3050 909 3088 sua
927 3034 1071 3089 summarie
1089 3049 1180 3088 coram
1197 3033 1273 3087 dictis
1286 3044 1409 3103 quattuor
1421 3034 1583 3104 sapientibus
1601 3034 1658 3088 sine
1676 3034 1763 3105 aliqua
1783 3035 1911 3103 petitione

317 3159 362 3212 vel
380 3158 516 3213 oblatione
534 3157 636 3212 libelli:
665 3158 709 3228 qui
737 3157 846 3228 predicti
873 3168 997 3228 quattuor
1015 3156 1146 3228 sapientes
1164 3145 1279 3211 habeant
1296 3157 1404 3226 plenam
1423 3156 1540 3227 bayliam
1557 3157 1741 3211 auctoritatem
1759 3169 1786 3210 et
1804 3156 1912 3227 plenum

319 3298 398 3352 posse
417 3281 467 3350 ipsi
485 3292 513 3334 et
530 3280 615 3334 maior
634 3295 692 3350 pars
711 3280 829 3350 ipsorum
847 3279 1036 3349 pronuntiandi
1061 3279 1240 3334 sententiandi
1258 3279 1401 3333 arbitrandi
1420 3292 1446 3333 et
1465 3278 1611 3333 diffiniendi
1633 3280 1702 3333 inter
1725 3279 1807 3334 dIctas
1826 3291 1912 3350 partes

315 3421 393 3474 super
413 3420 507 3457 eorum
524 3403 706 3474 questionibus
724 3414 781 3456 tam
799 3419 845 3472 per
864 3402 1035 3457 concordiam
1053 3418 1134 3473 quant
1152 3403 1185 3456 de
1204 3402 1260 3457 iure
1279 3414 1384 3456 seruato
1402 3402 1465 3456 iuris
1477 3403 1570 3456 ordine
1583 3403 1625 3456 uel
1638 3419 1693 3456 non
1706 3415 1810 3456 seruato
1822 3403 1913 3457 diebus

315 3527 416 3581 teriatis
434 3526 477 3579 uel
495 3542 551 3580 non
570 3525 668 3580 feriatis
687 3525 813 3579 sedendo.
832 3526 935 3579 stando.
955 3525 1191 3596 quotienscumque
1210 3536 1236 3578 et
1255 3524 1412 3596 ubicumque
1424 3525 1556 3579 voluerint
1574 3526 1660 3579 citatis
1672 3525 1788 3596 partibus
1801 3526 1843 3579 vel
1857 3542 1912 3579 non

318 3650 413 3704 citatis.
432 3661 459 3702 et
477 3649 540 3718 ipsis
558 3648 722 3718 presentibus
740 3647 783 3701 vel
802 3648 953 3702 absentibus
971 3648 1015 3702 vel
1033 3664 1085 3702 una
1105 3659 1225 3717 presente
1243 3647 1286 3701 vel
1305 3648 1413 3702 absente
1432 3659 1510 3718 prout
1530 3648 1568 3701 eis
1587 3648 1629 3700 vel
1648 3646 1741 3701 maiori
1761 3649 1827 3718 parti
1846 3649 1912 3719 ipso·

320 3789 381 3825 rum
400 3772 525 3841 placuerit
544 3783 571 3824 et
589 3771 721 3824 videbitur
740 3770 795 3824 fore
814 3770 941 3824 fiendum.
961 3771 994 3824 Et
1012 3771 1137 3841 quidquid
1157 3787 1202 3841 per
1220 3771 1306 3826 dictos
1324 3771 1457 3840 sapientes
1476 3771 1518 3824 vel
1537 3771 1666 3824 maiorem
1679 3783 1780 3840 partem
1794 3772 1912 3840 ipsorum

319 3894 421 3974 dictum
440 3895 638 3964 pronuntiatum
656 3895 845 3947 sententiatum
864 3893 1017 3946 arbitratum
1030 3904 1057 3946 et
1069 3892 1206 3946 laudatum
1224 3891 1302 3947 fuerit
1320 3893 1388 3947 inter
1401 3894 1469 3962 ipsas
1482 3905 1567 3962 partes
1579 3892 1648 3947 dicte
1660 3905 1746 3963 partes
1759 3904 1785 3946 et
1797 3893 1913 3963 quelibet

319 4017 439 4087 ipsarum
459 4027 598 4070 teneantur
617 4017 757 4070 obseruare
775 4016 912 4069 attendere
930 4028 957 4068 et
975 4014 1119 4085 adimplere
1132 4032 1192 4069 cum
1205 4014 1301 4068 effectu
1320 4016 1368 4068 sub
1387 4016 1461 4085 penis
1481 4031 1525 4084 per
1544 4017 1613 4085 ipsos
1632 4016 1763 4085 sapientes
1781 4015 1912 4086 impositis

320 4131 348 4195 et
365 4140 543 4211 imponendis:
563 4155 627 4210 quas
645 4155 727 4209 penas
746 4139 882 4208 imponere
901 4138 1003 4209 possint
1021 4138 1053 4191 ad
1073 4154 1165 4193 eorum
1184 4137 1358 4192 uoluntatem.
1378 4150 1404 4192 et
1422 4155 1486 4208 quas
1506 4153 1586 4207 penas
1604 4139 1708 4192 soluere
1720 4151 1840 4193 teneatur
1853 4155 1912 4209 pars

157 4309 162 4320 .
234 4246 237 4252 ²
319 4281 377 4318 non
395 4266 547 4318 obseruans.
567 4264 600 4316 Et
618 4275 758 4318 teneantur
776 4263 846 4317 dicte
864 4275 951 4333 partes
970 4263 1033 4317 dare
1052 4275 1078 4316 et
1096 4262 1200 4316 soluere
1218 4262 1295 4316 dictis
1313 4262 1473 4331 sapientibus
1500 4261 1615 4315 termino
1642 4278 1688 4331 per
1706 4262 1815 4316 eosdem
1834 4262 1911 4316 dictis

322 4388 438 4457 partibus
456 4388 577 4458 asignato
596 4402 691 4441 omnes
709 4403 837 4457 expensas
856 4387 1030 4442 neccessarias
1049 4403 1096 4456 pro
1114 4385 1237 4439 habendo
1256 4386 1396 4440 consilium
1421 4401 1498 4454 super
1516 4402 1609 4440 eorum
1636 4385 1816 4457 questionibus
1834 4398 1912 4456 prout

320 4524 473 4581 preceptum
492 4509 570 4564 fuerit
588 4526 634 4580 pes
652 4509 737 4564 dictos
756 4510 886 4579 sapientes
905 4510 948 4563 vel
966 4510 1096 4564 maiorem
1114 4521 1217 4579 partem
1243 4509 1369 4578 ipsorum.
1390 4508 1423 4561 Et
1441 4509 1565 4563 dominus
1593 4521 1709 4580 potestas
1728 4511 1810 4580 possit
1828 4521 1854 4563 et
1872 4520 1911 4563 te-

320 4645 414 4687 neatur
433 4631 593 4703 compellere
611 4633 697 4686 dictos
715 4632 847 4702 sapientes
872 4632 915 4685 vel
942 4633 1073 4686 maiorem
1100 4644 1202 4702 partem
1230 4632 1348 4700 ipsorum
1367 4643 1394 4684 et
1412 4632 1556 4701 quemlibet
1583 4633 1701 4703 ipsorum
1719 4632 1764 4704 qui
1782 4632 1859 4686 fuerit
1877 4632 1910 4686 ad

323 4756 424 4810 dictum
443 4756 561 4810 officium
580 4756 766 4810 exercendum.
786 4766 814 4808 ut
832 4755 933 4809 dictum
960 4755 1077 4809 officium
1105 4767 1246 4810 exerceant
1264 4767 1290 4808 et
1308 4754 1407 4809 ducant
1424 4754 1456 4808 acl
1476 4753 1601 4809 effectum
1629 4756 1773 4809 secundum
1797 4756 1911 4809 sormam

321 4879 499 4933 ordinamenti
519 4880 621 4949 quoties
640 4877 717 4932 fuerit
736 4878 874 4950 requisitus
893 4894 908 4930 a
927 4878 1041 4948 partibus
1069 4878 1241 4949 littigantibus
1260 4878 1304 4931 vel
1322 4879 1356 4932 ab
1373 4878 1460 4949 aliqua
1485 4878 1602 4948 ipsarum
1627 4877 1682 4932 siue
1701 4879 1733 4930 ab
1752 4878 1838 4948 aliqua
1857 4895 1912 4948 per·

320 5019 394 5055 sona.
413 5015 440 5057 et
459 5019 514 5056 non
532 5014 654 5056 teneatur
672 5002 756 5056 dictus
775 5001 900 5055 dominus
919 5013 1034 5071 potestas
1053 5018 1098 5055 seu
1118 5002 1212 5056 debeat
1239 5002 1322 5056 dictas
1350 5013 1437 5072 partes
1456 5013 1596 5071 postquam
1615 5001 1703 5055 eidem
1722 5002 1845 5070 potestati
1865 5001 1911 5055 de·

317 5125 471 5178 nuntiatum
491 5125 568 5179 fuerit
588 5142 678 5180 coram
697 5126 814 5195 predicto
832 5123 943 5177 domino
961 5136 1091 5194 potestate
1109 5125 1200 5178 audire
1218 5125 1287 5194 ipsas
1306 5136 1392 5195 partes
1405 5125 1447 5178 vel
1460 5124 1581 5194 aliquam>
1589 5124 1704 5194 ipsarum
1722 5140 1799 5193 super
1818 5140 1912 5178 eorum

319 5249 510 5317 questionibus.
530 5248 563 5302 Et
582 5249 653 5319 quod
672 5248 797 5301 dominus
815 5257 931 5316 potestas
950 5258 976 5299 et
994 5258 1111 5300 rectores
1128 5247 1258 5300 sotietatis
1276 5258 1418 5301 teneantur
1438 5245 1522 5300 lacem
1541 5245 1642 5300 attendi
1660 5257 1687 5299 et
1705 5247 1838 5300 obsemari
1857 5263 1912 5316 pre·

321 5383 426 5424 sentem
444 5371 661 5425 ordinamentum
680 5388 695 5424 a
713 5386 878 5441 quacumque
897 5385 1008 5439 persona
1027 5368 1160 5440 littigante
1178 5386 1238 5423 cum
1257 5369 1345 5439 aliqua
1368 5385 1480 5439 persona
1499 5369 1569 5422 dicte
1586 5367 1650 5422 ville
1668 5369 1814 5423 bennarum
1833 5380 1860 5422 et
1877 5369 1913 5422 ibi

320 5492 459 5546 habitanti.
479 5493 512 5547 Et
530 5494 654 5548 dominos
673 5505 788 5563 potestas
807 5474 891 5563 possit
908 5503 935 5546 et
953 5503 1075 5546 teneatur
1102 5491 1249 5562 astrIngere
1274 5491 1420 5562 quamlibet
1439 5503 1540 5560 partem
1559 5492 1592 5545 ad
1611 5492 1778 5547 obseruanda
1797 5493 1913 5563 predicta

322 5627 348 5668 et
366 5616 503 5685 imponere
521 5616 609 5670 eidem
628 5627 655 5669 et
672 5614 778 5670 cuilibet
796 5631 888 5669 earum
906 5631 1003 5685 penam
1021 5631 1103 5686 usque
1119 5614 1233 5668 inlibris
1250 5614 1342 5668 decern
1370 5613 1516 5668 astensibus
1535 5631 1583 5685 pro
1601 5615 1724 5684 predictis
1742 5615 1913 5670 obseruandis

378 5818 426 5890 24
