4800 6696
231 635 305 738 368
424 565 537 731 DE
563 645 824 726 MASSARHS
852 645 1117 727 ELIGENDIS
1136 645 1369 727 CUILIBET
1388 647 1472 728 UIE
1490 647 1799 744 UBICUMQUE
1820 650 1876 731 IN
1894 650 2013 731 FINE

582 804 919 887 BAENNARUM

484 1018 662 1223 Quen
690 1129 868 1191 statutum
898 1130 953 1190 est
980 1112 1081 1215 quod
1110 1132 1275 1216 potestas
1311 1131 1477 1192 teneatur
1510 1112 1626 1192 facere
1660 1112 1749 1217 eligi
1777 1141 1894 1193 unum
1922 1142 2016 1240 rnas-

426 1271 561 1350 sarium
603 1270 752 1359 cuilibet
780 1272 840 1348 uie
882 1269 1016 1373 ubique
1045 1272 1082 1348 in
1111 1270 1184 1349 fine
1212 1270 1449 1350 baennarum.
1480 1273 1543 1376 qui
1571 1291 1763 1352 teneantur
1793 1292 1830 1351 et
1858 1274 2016 1353 debeant

425 1427 541 1508 facere
570 1430 682 1532 aptari
712 1428 849 1507 dictam
877 1429 977 1507 viam
998 1430 1102 1506 cuius
1134 1428 1240 1508 fuerit
1273 1431 1481 1509 massarius.
1514 1450 1624 1533 prout
1657 1433 1689 1509 ei
1722 1431 1917 1511 uidebitur.
1952 1433 2015 1536 qui

425 1587 621 1665 massarius
649 1587 781 1665 habeat
813 1585 960 1691 plenam
998 1586 1158 1688 bayliam
1194 1588 1412 1691 imponendi
1448 1615 1562 1692 penas
1590 1608 1626 1667 et
1655 1591 1774 1671 banna
1808 1616 1877 1694 pro
1905 1589 2016 1671 dictis
2110 1582 2112 1585 ⁸
2186 1623 2190 1630 ·

425 1746 496 1823 uiis
523 1744 691 1848 aptandis
718 1745 764 1823 ad
793 1745 872 1823 eius
900 1744 1133 1823 uoluntatem
1161 1745 1378 1826 hominibus
1406 1746 1655 1825 habitantibus
1682 1748 1719 1826 in
1748 1747 1914 1827 baennis.
1935 1750 2015 1828 siue

160 1935 162 1939 ¹
309 1983 312 1988 Δ
425 1902 644 1982 habentibus
672 1904 928 2006 possessiones
956 1905 992 1982 in
1022 1922 1187 1983 contrata
1216 1904 1313 1984 illius
1341 1906 1412 1984 uie.

230 2373 302 2474 369
418 2299 530 2465 DE
556 2380 675 2463 NON
694 2379 957 2461 FACIENDO
976 2380 1241 2461 DAMPNUM
1259 2379 1314 2458 IN
1333 2378 1573 2459 FOSSATiS
1592 2379 1746 2460 SECUS
1763 2379 2005 2462 AYRALIA

481 2595 662 2799 &aaut
691 2712 868 2773 statutum
897 2712 951 2772 est
980 2693 1081 2797 quod
1110 2693 1230 2797 aliqua
1271 2721 1428 2797 persona
1467 2722 1544 2773 non
1586 2696 1704 2798 possit
1732 2695 1921 2775 offendere
1953 2696 2013 2776 uel

425 2851 629 2955 dampnum
658 2851 743 2931 dare
772 2854 809 2930 in
838 2851 986 2931 fossatis
1013 2852 1117 2930 factis
1145 2878 1250 2929 secus
1277 2851 1412 2954 ayralia
1440 2880 1507 2930 nec
1528 2854 1641 2931 etiam
1661 2855 1698 2932 in
1718 2853 1841 2958 spadis
1869 2873 1906 2932 et
1933 2853 2014 2935 aliis

257 3076 260 3081 .
425 3011 600 3090 clausuris
628 3038 700 3113 que
729 3028 814 3088 sunt
842 3036 948 3113 super
968 3010 1075 3088 dictis
1094 3010 1252 3088 fossatis.
1274 3010 1379 3088 saluo
1398 3010 1500 3113 quod
1519 3009 1682 3115 quelibet
1709 3038 1866 3115 persona
1895 3013 2013 3116 possit

424 3168 544 3248 iacere
571 3194 687 3246 unum
716 3166 909 3270 cuniglum
938 3194 1044 3246 causa
1074 3167 1238 3246 scolandi
1268 3168 1402 3269 ayralia
1431 3188 1466 3246 et
1486 3167 1644 3247 rrauandi
1664 3188 1779 3248 ortos.
1801 3135 2014 3249 dummodo

425 3353 502 3405 non
530 3327 716 3430 peioretur
743 3326 820 3429 ripa
847 3323 975 3404 fossati
1005 3326 1082 3402 sine
1111 3351 1205 3428 pena
1234 3344 1270 3403 et
1300 3328 1434 3404 banno

229 3816 304 3894 370
416 3722 527 3888 DE
554 3801 705 3899 AQUA
733 3801 842 3897 QUE
867 3800 1097 3883 DUCITUR
1128 3799 1222 3883 PER
1247 3800 1409 3882 RIPAM
1449 3797 1721 3931 UlNEARUM
1751 3796 2006 3912 RHAUETL

479 4019 573 4223 Q
584 4141 661 4195 Turn
690 4131 866 4191 statutum
886 4132 941 4191 est
960 4112 1061 4217 quod
1090 4110 1211 4216 aliqua
1230 4140 1323 4216 aqua
1342 4138 1413 4216 que
1432 4111 1576 4190 ducitur
1598 4140 1662 4217 per
1680 4114 1798 4216 ripam
1820 4115 2012 4195 uinearum

424 4271 567 4351 rilaueti
597 4301 617 4350 a
646 4274 705 4350 uia
733 4292 975 4374 costemagne
1005 4271 1170 4375 superius
1198 4269 1329 4349 debeat
1358 4269 1429 4349 labi
1459 4290 1495 4349 et
1524 4269 1695 4349 discolari
1723 4300 1786 4374 per
1814 4244 1897 4352 loca
1925 4301 2015 4353 con·

264 4513 267 4523 ,
426 4451 539 4510 sueta.
570 4450 606 4509 et
634 4430 735 4534 quod
764 4449 929 4535 potestas
957 4422 1124 4509 teneatur
1152 4427 1268 4508 facere
1297 4428 1386 4532 eligi
1416 4429 1506 4508 infra
1535 4457 1705 4509 mensem
1733 4450 1932 4535 postquam
1963 4433 2014 4512 iu-

424 4591 568 4669 rauerit.
599 4609 674 4667 tres
701 4590 875 4667 homines
903 4590 964 4692 qui
994 4588 1202 4668 discernant
1231 4586 1329 4665 dicta
1359 4587 1439 4665 loca
1469 4614 1631 4692 perque
1660 4608 1836 4668 consueta
1852 4609 1908 4668 est
1927 4589 2010 4669 labi.
2133 4603 2136 4610 '

425 4719 474 4827 ita
503 4767 539 4826 et
566 4745 687 4826 taliter
715 4746 816 4850 quod
858 4745 955 4824 dicta
997 4774 1090 4850 aqua
1131 4772 1210 4824 non
1250 4745 1402 4824 ducatur
1443 4772 1511 4824 nec
1542 4744 1626 4824 duci
1654 4748 1771 4849 possit
1799 4747 1845 4826 ad
1875 4747 2012 4826 dictam

424 4910 524 4987 uiam
553 4924 729 4985 carratam
768 4923 1010 5006 costemagne
1040 4903 1106 4982 sub
1143 4929 1237 5006 pena
1275 4902 1481 4982 solidorum
1509 4932 1533 4981 v
1563 4931 1631 5009 pro
1659 4904 1821 5007 qualibet
1855 4933 2012 5010 persona

425 5064 722 5145 contrafaciente.
