4800 6696
244 640 292 721 79
369 523 571 731 QJOD
612 605 907 686 LIGNAMINA
946 606 1256 689 MATERIATA
1297 606 1415 687 NON
1455 607 1852 690 EXTRAHANTUR
1892 609 1960 688 DE

526 765 747 856 BAENNIS
776 793 824 849 ET
842 793 889 847 oe
909 793 1076 847 tuturus
1095 792 1293 847 uiuenuuu.
2034 772 2035 775 ‘

432 1021 617 1223 Quen
645 1149 823 1211 statutum
852 1149 907 1209 est
935 1129 1037 1234 quod
1057 1130 1087 1209 si
1106 1128 1237 1232 aliquis
1266 1130 1409 1209 duxerit
1428 1129 1486 1207 uel
1516 1120 1650 1232 por'tari
1680 1128 1804 1208 lecerit
1824 1129 1971 1233 aliquod

378 1290 569 1394 lignamen
589 1289 648 1368 uel
668 1289 872 1393 lignamina
899 1287 1020 1391 aliqua
1048 1287 1238 1365 materiata
1265 1287 1324 1366 uel
1353 1288 1553 1366 lormatum
1582 1285 1640 1366 uel
1667 1314 1744 1365 non
1772 1285 1971 1367 lonnatuin

379 1449 426 1529 de
456 1449 618 1527 baennis.
649 1446 708 1526 uel
742 1445 817 1525 fine
850 1444 1075 1530 baennarum
1109 1463 1237 1523 natum
1274 1446 1311 1523 in
1344 1445 1479 1524 finibus
1512 1445 1599 1524 dicti
1633 1444 1717 1523 loci.
1753 1444 1873 1524 soluat
1905 1474 1972 1551 pro

380 1633 475 1709 pena
503 1606 655 1708 quocies
682 1605 807 1682 lecerit
834 1631 902 1707 pro
930 1602 1096 1706 quolibet
1125 1629 1229 1680 curru
1257 1602 1317 1681 uel
1346 1631 1492 1681 carruso
1522 1602 1664 1681 solidos
1690 1629 1752 1682 Lx.
1773 1604 1819 1684 Et
1843 1607 1873 1683 si
1893 1632 1996 1708 por-.

380 1764 513 1842 tauerit
542 1789 648 1866 super
677 1789 773 1866 equo
806 1760 865 1839 uel
898 1760 1003 1839 mulo
1037 1759 1180 1840 solidos
1211 1787 1249 1840 u.
1280 1778 1316 1839 et
1348 1789 1415 1866 pro
1444 1759 1609 1865 quolibet
1642 1763 1747 1841 asino
1780 1761 1839 1840 uel
1872 1763 1972 1843 asina

382 1921 527 2000 solidos
546 1947 595 1999 ur.
617 1938 653 1998 et
674 1920 702 1998 si
723 1919 855 2023 aliquis
873 1919 1073 2023 portauerit
1103 1946 1209 2022 super
1237 1917 1390 1998 dorsum
1419 1918 1562 1998 solidos
1581 1946 1616 1997 u.
1638 1920 1707 1999 nisi
1729 1938 1824 1999 esset
1843 1919 1973 2024 aliquis

382 2098 578 2158 extraneus
605 2079 666 2182 qui
695 2079 845 2157 liaberet
874 2105 1018 2156 currum
1053 2080 1205 2155 lractum
1235 2078 1294 2181 qui
1328 2079 1446 2181 possit
1475 2076 1590 2155 lacere
1628 2078 1749 2181 ipsum
1786 2080 1898 2182 aptari
1928 2078 1973 2157 de

383 2237 588 2341 lignamine
618 2236 704 2314 dicti
735 2236 819 2314 loci.
850 2254 886 2315 et
914 2237 1035 2339 ipsum
1064 2234 1109 2313 ad
1139 2262 1242 2313 suam
1276 2235 1408 2313 ducere
1441 2235 1684 2315 uoluntatem.
1715 2255 1751 2315 et
1779 2238 1848 2316 nisi
1878 2258 1973 2319 esset

384 2395 515 2499 aliquis
543 2395 589 2473 de
609 2393 762 2472 baennis
781 2394 843 2497 qui
863 2392 1068 2472 extraheret
1097 2420 1243 2472 currunt
1270 2393 1459 2472 tabernam
1479 2393 1545 2500 (2)
1565 2394 1624 2472 uel
1643 2394 1712 2473 alia
1732 2396 1973 2476 instrumenta

384 2554 453 2633 sibi
481 2542 705 2631 neccessaria
734 2552 778 2630 de
815 2553 946 2655 quibus
982 2549 1126 2628 nullum
1159 2551 1321 2629 bannum
1359 2551 1571 2630 substineat.
1606 2570 1641 2631 et
1670 2552 1742 2631 hoc
1774 2555 1972 2658 capitulum

384 2712 432 2790 sit
459 2710 504 2788 ad
533 2709 764 2788 noluntatenr
794 2710 908 2788 totius
936 2707 1113 2787 conscilii.
1140 2708 1198 2787 uel
1228 2710 1378 2787 maioris
1405 2710 1516 2812 partis
1544 2737 1650 2814 super
1681 2706 1810 2790 danda·
1829 2711 1973 2792 licentia

383 2869 571 2972 potestati.
602 2867 702 2970 quod
723 2866 941 2946 conscilium
970 2894 1047 2944 non
1076 2868 1193 2970 possit
1221 2893 1289 2945 nec
1318 2865 1449 2945 debeat
1477 2866 1592 2946 lacere
1620 2867 1766 2971 pulsari.
1788 2869 1857 2949 nisi
1875 2871 1975 2973 prius

384 3023 492 3104 fuerit
529 3024 615 3104 inde
651 3025 846 3127 requisitus
873 3052 894 3103 a
922 3051 947 3104 x
975 3023 1191 3103 hominibus
1218 3023 1264 3110 de
1299 3023 1490 3103 conscilio.
1524 3044 1561 3103 et
1588 3043 1675 3103 tunc
1707 3044 1873 3105 teneatur
1904 3055 1974 3131 po·

384 3199 498 3261 testas
525 3183 641 3260 lacere
670 3180 811 3260 dictum
839 3180 1070 3260 conscilium.
1099 3199 1135 3258 et
1162 3181 1191 3259 si
1219 3180 1350 3284 aliquis
1377 3179 1520 3259 duxerit
1547 3181 1696 3285 aliquod
1725 3182 1916 3286 lignamen
1936 3184 1972 3262 in

384 3338 472 3418 uilla
499 3341 726 3418 baennarum
755 3337 856 3454 quod
884 3364 961 3417 non
990 3339 1037 3416 sit
1060 3337 1106 3416 de
1133 3337 1207 3416 fine
1236 3337 1460 3417 baennarum
1488 3341 1606 3442 possit
1635 3340 1756 3443 ipsum
1784 3341 1972 3420 extrahere

384 3494 540 3575 iurando
571 3494 643 3574 hoc
672 3493 812 3574 fecisse.
840 3512 959 3598 preter
992 3492 1139 3573 liaturas
1173 3496 1332 3574 tinarurn
1361 3513 1397 3574 et
1424 3497 1669 3576 carreriarum.
1699 3516 1736 3577 et
1768 3498 1869 3602 quod
1898 3499 1973 3602 qui·

384 3651 472 3731 libet
500 3653 619 3756 possit
647 3678 815 3730 accusare
845 3670 880 3730 et
908 3669 1073 3756 potestas
1100 3652 1219 3755 possit
1247 3653 1440 3755 inquirere.
1469 3680 1552 3750 etqui
1565 3681 1706 3736 extraxerit
1724 3682 1816 3736 santes
1834 3682 1973 3754 uevuga-

293 3894 298 3903 ⁹
383 3830 456 3872 turas
468 3836 500 3872 ex
514 3820 623 3873 baennis
642 3818 729 3872 soluat
741 3835 789 3889 pro
801 3835 868 3889 pena
887 3819 987 3873 solidos
998 3834 1035 3872 Lx
1047 3817 1175 3872 soluenda
1188 3820 1221 3872 de
1233 3819 1347 3888 presenti
1360 3819 1410 3872 nisi
1422 3820 1529 3874 haberet
1547 3820 1681 3875 licentiam
1694 3839 1709 3876 a
1722 3821 1833 3876 domino
1845 3832 1974 3892 potestate
2040 3898 2042 3901 ι

384 3961 475 4030 etqui
493 3960 649 4014 scaluauerit
668 3959 760 4014 salices
779 3959 821 4013 uel
839 3977 931 4030 gurras
949 3959 1048 4014 alienas
1067 3960 1094 4012 in
1113 3942 1197 4013 uineis
1220 3959 1328 4013 alicuius
1353 3960 1542 4030 particulariter
1564 3962 1649 4016 soluat
1667 3962 1766 4017 solidos
1784 3979 1820 4018 rx
1840 3980 1887 4033 pro
1905 3981 1972 4034 pena

384 4111 412 4153 et
430 4100 542 4154 totidem
561 4118 609 4171 pro
627 4101 739 4155 emenda
758 4113 784 4154 et
802 4117 849 4170 pro
867 4100 985 4170 qualibet
1002 4100 1185 4171 exportatione
1203 4099 1289 4154 salicis
1308 4102 1350 4154 uel
1368 4119 1445 4172 gurre
1465 4113 1491 4156 et
1509 4119 1556 4172 pro
1575 4103 1690 4174 qualibet
1707 4104 1819 4175 ligatura
1837 4104 1936 4160 solidos
1947 4121 1973 4187 ¹11

382 4251 410 4294 et
427 4242 539 4294 totidem
558 4258 606 4310 pro
625 4241 746 4295 emenda.
765 4243 807 4310 (3)

251 4696 300 4772 80
360 4600 473 4768 DE
498 4682 618 4765 NON
645 4684 835 4764 DANDIS
862 4683 1115 4763 OXlDlBUS.

424 4902 616 5102 Qun
644 5026 810 5086 teneatur
845 5025 1011 5112 potestas
1044 5035 1112 5088 suo
1148 5035 1257 5111 posse
1294 5009 1503 5090 deffendere
1538 5036 1698 5090 comune
1731 5029 1768 5090 et
1795 5010 1969 5090 homines

378 5167 604 5245 baennarum
633 5193 679 5245 ne
708 5165 796 5245 dent
824 5165 955 5245 oxides
982 5193 1049 5270 pro
1078 5167 1228 5244 comuni
1261 5193 1328 5245 nec
1365 5194 1432 5271 pro
1460 5167 1697 5276 diuiso”(4)
1725 5189 1762 5250 et
1789 5167 1861 5249 hoc
1890 5194 1967 5248 non

298 5429 301 5437 Ι
375 5324 495 5426 possit
524 5325 707 5403 remoueri
737 5322 814 5403 ullo
843 5323 961 5404 inodo
990 5351 1057 5403 nec
1085 5343 1250 5427 potestas
1276 5326 1393 5429 possit
1422 5325 1467 5404 de
1495 5326 1668 5430 predictis
1695 5327 1853 5432 recipere
1882 5352 1968 5406 con-

378 5480 526 5560 scilium
555 5508 622 5560 nec
650 5508 787 5586 ponere
816 5483 854 5561 in
883 5483 1062 5562 conscilio
1091 5482 1373 5586 aliquomodo.
