4800 6698
556 517 731 613 emendet
760 532 978 637 dampnum.
1008 533 1055 611 Et
1084 532 1115 612 si
1143 530 1391 611 inciderentur
1418 528 1525 607 uinee
1552 519 1622 603 uel
1653 525 1815 606 autinum
1834 554 1854 606 a
1873 553 1924 607 xx
1948 527 2163 617 uitibusffsu·

554 691 678 796 petius
707 691 745 770 in
774 716 886 796 posse
914 692 1143 789 baennarum
1171 707 1234 768 aut
1262 687 1327 768 fiet
1355 686 1456 767 aliud
1475 703 1624 766 uastum
1655 683 1693 793 in
1720 657 1841 766 uineis
1859 684 1919 765 uel
1938 685 2074 766 autinis
2101 712 2163 767 ex·

554 849 730 940 timatum
759 850 797 929 in
827 847 959 929 solidis
986 877 1035 929 Lx
1062 847 1123 928 uel
1153 874 1260 952 supra
1289 845 1508 927 emendetur
1528 845 1561 926 ei
1580 873 1602 926 a
1621 845 1775 925 comuni
1794 863 1831 925 et
1859 842 1921 924 ille
1945 844 2007 950 qui
2035 842 2161 925 lecerit

554 1006 696 1087 dictum
724 988 873 1088 uastum
902 1007 1023 1088 soluat
1051 1008 1216 1087 bannum
1257 988 1325 1111 pro
1368 1004 1531 1110 qualibet
1572 1004 1653 1084 uice
1695 1001 1840 1084 solidos
1867 1031 1892 1081 v
1920 1021 1958 1083 et
1986 1001 2161 1083 emendet

440 1249 447 1257 ,
553 1153 759 1272 dampnum
771 1166 827 1247 'in
856 1166 984 1273 duplo.
1016 1166 1223 1247 secundum
1251 1164 1353 1271 quod
1382 1164 1490 1244 fuerit
1509 1164 1730 1244 extimatum
1749 1189 1814 1268 per
1840 1163 2082 1252 extimatores
2101 1188 2162 1242 co-

552 1299 688 1406 munis.
719 1327 766 1407 Et
795 1325 826 1406 si
854 1325 992 1406 faciens
1010 1325 1071 1406 uel
1089 1325 1170 1406 fieri
1189 1324 1326 1405 faciens
1345 1324 1488 1404 dictum
1515 1340 1664 1402 uastum
1683 1322 1809 1401 haberi
1828 1321 1966 1427 poterit
1985 1320 2161 1402 emendet

553 1457 696 1564 dictum
724 1484 931 1589 dampnum
974 1486 1005 1564 si
1046 1484 1214 1564 habuerit
1255 1482 1354 1563 unde
1384 1502 1420 1563 et
1448 1509 1526 1562 non
1555 1507 1729 1561 comune.
1761 1498 1798 1560 et
1826 1481 1856 1560 si
1884 1507 1963 1559 non
1991 1479 2160 1560 habuerit

462 1651 465 1656 '
553 1616 653 1722 unde
683 1626 889 1748 dampnum
919 1643 1149 1723 emendetur.
1178 1642 1371 1722 acomuni
1399 1660 1487 1721 tunc
1529 1640 1760 1721 emendetur.
1790 1658 1828 1719 et
1855 1639 1928 1718 hoc
1957 1636 2159 1743 capitulum

553 1800 680 1882 locum
709 1801 842 1882 habeat
869 1802 909 1882 in
937 1803 1115 1882 omnibus
1143 1801 1271 1881 bestiis
1312 1801 1466 1904 grossis
1509 1800 1557 1879 Et
1597 1800 1671 1879 hoc
1700 1796 1929 1901 intelligatur
1957 1798 1988 1877 si
2016 1797 2159 1877 dictum

552 1927 760 2065 dampnum
790 1959 928 2040 lactum
956 1959 1064 2040 fuerit
1092 1961 1130 2040 in
1158 1959 1246 2039 uilla
1275 1959 1501 2039 baennarum
1532 1957 1595 2038 uel
1635 1984 1758 2063 posse.
1789 1976 1826 2037 et
1854 1957 1959 2036 aliter
1999 1982 2089 2081 non.
2128 1957 2159 2036 si

552 2137 753 2223 sgarratate
782 2117 938 2199 fuissent
965 2146 1029 2224 per
1048 2116 1210 2241 aliquam
1238 2144 1437 2224 personam
1464 2115 1639 2197 uidelicet
1666 2117 1863 2196 hominem
1882 2114 1944 2196 uel
1961 2115 2158 2196 mulierem

550 2260 838 2357 restituantura
865 2277 1034 2382 predicto
1063 2278 1228 2359 comuni.
1259 2278 1291 2357 si
1318 2295 1444 2357 autem
1465 2294 1755 2381 sgarratarentur
1782 2304 1848 2380 per
1875 2302 1986 2356 canes
2013 2275 2075 2355 uel
2102 2301 2159 2356 ce·

550 2421 647 2516 teras
677 2437 823 2517 bestias.
853 2436 951 2517 dicte
972 2436 1089 2517 bestie
1109 2455 1309 2541 sgarratate
1327 2463 1393 2541 per
1411 2436 1529 2517 dictas
1547 2435 1684 2515 bestias
1702 2434 1763 2515 uel
1783 2461 1894 2515 canes
1911 2433 2018 2515 nullo
2037 2433 2159 2514 modo

550 2594 615 2674 fiat
640 2583 827 2675 restitutio
846 2622 868 2674 a
885 2595 1053 2701 predicto
1077 2596 1231 2676 comuni
1259 2631 1291 2680 et
1313 2611 1399 2701 quod
1426 2635 1540 2680 omnes
1569 2611 1669 2680 bestie
1697 2630 1828 2679 menute
1851 2611 1968 2680 eodem
1996 2611 2095 2680 modo
2118 2629 2154 2678 ut

550 2767 650 2860 supra
669 2770 888 2838 emendentur.

353 3280 425 3359 162
545 3209 659 3377 DE
686 3288 1083 3375 FRANGENTIBUS
1109 3289 1360 3375 sTRATAM
1395 3285 1415 3394 (
1442 3285 1474 3392 l·

609 3493 790 3698 &aaut
809 3610 989 3672 statutum
1010 3611 1066 3673 est
1090 3593 1192 3699 quod
1213 3595 1244 3674 si
1263 3622 1335 3698 qua
1353 3621 1512 3699 persona
1531 3595 1577 3675 de
1598 3594 1751 3674 baennis
1780 3613 1932 3675 stratam
1950 3593 2102 3700 fregerit
2115 3597 2155 3676 in

549 3778 661 3856 posse
690 3750 918 3831 baennarum
946 3750 1163 3832 aufferendo
1190 3780 1255 3858 per
1282 3753 1362 3832 uim
1390 3753 1529 3859 aliquid
1557 3753 1665 3834 alicui
1694 3755 1733 3833 in
1761 3754 1926 3859 predicta
1951 3772 2066 3835 strata
2093 3754 2155 3835 uel

524 3910 681 3989 'stratis
712 3908 774 3989 uel
803 3937 890 3989 eum
919 3875 1165 3991 derobauerit.
1195 3930 1233 3992 et
1260 3913 1386 3992 haberi
1414 3914 1551 4017 poterit
1581 3912 1703 3993 soluat
1721 3941 1789 4018 pro
1814 3913 1977 4018 qualibet
2004 3915 2086 3994 uice
2114 3913 2155 3995 li·

546 4070 628 4148 bras
655 4096 731 4147 xxv
758 4087 925 4149 astenses
953 4088 990 4149 et
1017 4097 1098 4150 rem
1125 4071 1286 4151 ablatam
1305 4061 1485 4151 restituat.
1515 4099 1606 4178 quas
1634 4071 1744 4153 libras
1763 4101 1839 4152 xxv
1859 4073 1890 4152 si
1909 4074 2055 4155 soluere
2073 4102 2153 4157 non

518 4275 521 4281 .
544 4227 682 4332 poterit
709 4227 845 4331 pedem
873 4229 1019 4308 amittat
1046 4226 1108 4309 uel
1136 4257 1302 4310 manum.
1331 4221 1389 4310 Et
1406 4229 1468 4311 illa
1497 4249 1608 4310 strata
1637 4230 1867 4336 intelligatur
1894 4250 1997 4313 extra
2024 4232 2154 4314 uillam

544 4387 783 4466 baennarum.
814 4386 900 4467 finis
927 4406 1053 4467 tamen
1084 4391 1320 4470 baennarum.
1350 4390 1381 4469 si
1409 4417 1501 4470 uero
1530 4408 1725 4471 extraneus
1753 4390 1862 4484 fuerit
1889 4391 1950 4471 uel
1978 4393 2175 4486 bannitus

435 4617 437 4621 ,
544 4544 591 4624 de
611 4545 766 4624 baennis
785 4547 848 4650 qui
867 4545 927 4626 uel
947 4574 1018 4652 que
1039 4545 1189 4652 fregerit
1209 4548 1270 4628 uel
1289 4549 1474 4629 robariam
1494 4547 1619 4630 fecerit
1638 4569 1679 4629 ut
1698 4577 1817 4656 supra.
1839 4552 1998 4632 incurrat
2016 4580 2152 4657 penam

544 4695 720 4783 librarum
749 4732 772 4784 c
802 4705 1007 4785 astensium
1035 4706 1134 4786 curie
1161 4706 1431 4813 applicandam.
1451 4707 1512 4789 uel
1532 4709 1563 4788 si
1583 4697 1729 4789 soluere
1753 4711 1921 4815 nequibit
1949 4711 2152 4817 suspendio

541 4864 726 4968 puniatur.
759 4865 830 4945 nisi
859 4883 956 4944 esset
983 4892 1143 4971 persona
1172 4894 1242 4972 que
1270 4867 1421 4948 duceret
1448 4867 1509 4947 uel
1537 4841 1701 4974 portaret
1737 4868 1901 4975 aliquam
1929 4898 2010 4951 rem
2043 4871 2152 4951 alicui

542 5049 715 5127 persone.
746 5042 876 5103 contra
905 5025 984 5104 eius
1011 5024 1257 5106 uoluntatem.
1286 5025 1348 5107 uel
1375 5027 1448 5106 nisi
1477 5046 1574 5107 esset
1603 5027 1696 5108 latro
1716 5027 1778 5108 uel
1796 5030 1917 5124 homo
1937 5029 2034 5110 male
2054 5029 2151 5110 fame

542 5183 604 5285 qui
634 5208 699 5286 per
726 5182 956 5263 habitatores
983 5182 1212 5265 baennarum
1239 5186 1358 5290 possit
1386 5187 1466 5292 capi
1495 5205 1532 5265 et
1560 5187 1729 5268 detineri.
1759 5188 1972 5269 dummodo
2005 5216 2153 5294 presen-

543 5358 641 5420 tetur
669 5343 846 5446 potestati
877 5342 1104 5423 baennarum
1132 5343 1192 5424 uel
1222 5344 1301 5424 eius
1330 5344 1459 5426 locum
1487 5347 1642 5427 tenenti.
1673 5348 1712 5425 in
1739 5346 1874 5452 quibus
1892 5347 2058 5428 cassibus
2085 5348 2154 5428 mi·

542 5499 645 5578 nime
676 5501 858 5604 puniatur.
