4800 6698
972 275 1243 376 LXXVIII

97 685 169 778 '32
176 698 193 776 5
311 586 422 751 DE
451 670 688 751 FOSSATO
716 673 979 756 FACIENDO
1008 676 1102 758 PER
1129 678 1301 757 CIMAM
1331 680 1617 760 UIblEhRUM.¹

375 889 553 1089 &Ereti
587 1004 765 1066 statutum
786 1006 841 1065 est
873 986 974 1089 quod
1003 987 1064 1091 qui
1093 987 1204 1065 habet
1231 1004 1345 1066 terras
1373 986 1432 1065 uel
1461 988 1719 1090 possessiones
1742 987 1807 1068 ¹uel
1845 987 1907 1067 ali·
2032 1095 2034 1098 ι

314 1171 427 1249 quam
456 1162 597 1224 sortem
626 1145 661 1223 in
692 1164 794 1223 costa
823 1144 938 1223 sancti
967 1145 1114 1224 laustini
1143 1143 1210 1251 (1)
1229 1173 1250 1223 a
1269 1143 1469 1249 columpna
1498 1144 1600 1248 podii
1629 1143 1696 1249 (2)
1715 1171 1832 1250 usque
1860 1145 1907 1224 ad

317 1323 549 1382 cassenetum
580 1303 686 1382 burse
714 1301 821 1381 faciat
849 1301 1029 1381 fossatum
1059 1329 1070 1380 1
1099 1301 1144 1381 de
1173 1329 1210 1381 111
1242 1301 1398 1405 pedibus
1434 1301 1620 1407 profundo
1649 1321 1686 1381 et
1714 1329 1764 1382 1111
1806 1302 1905 1406 pedi·
1946 1289 1949 1295 ⁸

231 1439 233 1442 ⁵
316 1462 385 1539 bus
411 1487 479 1564 pro
510 1460 615 1563 largo
643 1460 712 1538 nisi
743 1479 839 1539 esset
868 1462 1017 1539 lactum.
1048 1461 1141 1540 sicut
1181 1458 1249 1538 luit
1291 1460 1540 1563 designatum.
1579 1460 1664 1538 hinc
1693 1460 1739 1538 ad
1769 1458 1904 1539 festum

315 1644 423 1721 pasce
450 1618 621 1722 proxime
649 1636 814 1696 uenture.
844 1618 890 1696 Et
918 1619 979 1720 qui
1009 1616 1263 1696 contrafecerit
1284 1616 1412 1701 soluat
1441 1618 1604 1695 bannum
1647 1616 1854 1696 solidorum
1882 1645 1904 1694 11

312 1794 349 1854 et
376 1774 644 1854 nichilominus
672 1776 813 1854 dictum
856 1774 1037 1854 lossatum
1075 1775 1192 1854 lacere
1220 1774 1405 1853 teneatur(
1429 1775 1478 1853 Et
1503 1774 1657 1878 quilibet
1685 1773 1826 1854 habens
1852 1776 1904 1852 ui·

313 1945 423 2043 neam
442 1933 501 2013 uel
525 1953 660 2013 terram
680 1933 725 2013 de
746 1933 881 2012 subter.
911 1933 1013 2012 iuxta
1041 1933 1182 2011 dictum
1211 1931 1392 2036 lossatum
1419 1952 1542 2013 teneat
1570 1936 1691 2037 ipsum
1722 1954 1906 2014 scuratum

314 2109 350 2169 et
378 2090 603 2195 profundum
640 2092 686 2171 de
723 2091 839 2170 tribus
867 2110 903 2169 et
931 2118 981 2170 1111
1010 2090 1165 2194 pedibus
1199 2109 1239 2168 ut
1274 2117 1380 2194 supra
1419 2093 1485 2169 sub
1523 2119 1616 2195 pena
1648 2092 1821 2196 predicta.
1859 2094 1906 2171 Et

312 2249 413 2354 quod
434 2248 586 2353 quilibet
601 2251 662 2354 qui
683 2250 792 2328 habet
819 2269 953 2328 terram
974 2251 1073 2327 iuxta
1098 2250 1238 2328 dictum
1267 2232 1447 2328 fossatum
1472 2277 1579 2353 super
1606 2249 1717 2353 plano
1743 2250 1905 2329 dimittat

246 2496 247 2500 Ἴ
313 2409 412 2486 viam
442 2434 554 2495 unam
583 2436 605 2484 11
635 2406 772 2511 pedum
801 2408 895 2486 inter
924 2433 962 2485 se
992 2426 1028 2502 et
1056 2406 1198 2485 dictum
1227 2406 1406 2485 fossatum
1436 2406 1503 2485 sub
1523 2433 1617 2510 pena
1639 2407 1845 2526 solidorum
1866 2436 1902 2485 11.

314 2566 358 2644 Et
386 2565 459 2644 hoc
488 2567 534 2644 sit
561 2561 606 2644 ad
636 2564 869 2644 uoluntatem
898 2563 1077 2644 conscilii.
1099 2565 1144 2643 Et
1163 2565 1264 2669 quod
1293 2584 1458 2668 potestas
1486 2584 1652 2644 teneatur
1672 2567 1710 2643 in
1730 2585 1899 2645 mensem

311 2740 509 2827 postquam
539 2724 710 2803 iurauerit
739 2722 856 2803 facere
884 2724 1104 2802 aterminare
1133 2723 1270 2801 dictam
1290 2724 1389 2802 uiam
1410 2734 1489 2802 11110r
1508 2724 1734 2802 hominibus.
1763 2723 1810 2802 ad
1830 2725 1903 2803 hoc

215 2978 219 2987 Ι
313 2880 451 2960 electis.
483 2900 519 2959 et
548 2882 577 2960 si
606 2909 676 2985 qua
705 2908 863 2985 persona
891 2881 1029 2960 dictam
1056 2882 1158 2960 uiam
1187 2880 1280 2960 ultra
1309 2883 1491 2961 terminos
1509 2882 1654 2985 positos
1684 2880 1903 2961 laborauerit

313 3039 372 3118 uel
402 3039 646 3143 impediuerit.
676 3037 735 3117 uel
766 3041 864 3117 iuxta
892 3066 1002 3143 posse
1032 3041 1136 3118 cuius
1163 3058 1303 3143 reperta
1331 3040 1437 3117 luerit
1473 3004 1649 3143 impedita
1688 3037 1815 3118 soluat
1835 3067 1904 3144 pro

312 3225 406 3300 pena
440 3214 560 3281 solidos
584 3239 603 3279 x
627 3231 767 3280 astenses
791 3233 822 3280 et
846 3236 904 3302 pro
928 3213 1069 3302 quolibet
1093 3232 1123 3280 et
1146 3213 1283 3302 quahbet
1306 3217 1376 3280 uice
1401 3237 1461 3302 qua
1486 3217 1514 3279 ei
1539 3232 1721 3302 preceptum
1747 3215 1849 3280 fuerit.
1874 3233 1905 3282 et

310 3372 396 3461 quod
419 3372 458 3438 de
482 3373 631 3460 predictis
654 3372 804 3439 dominus
837 3391 976 3461 potestas
1000 3375 1100 3460 possit
1125 3373 1198 3439 inde
1221 3374 1380 3461 inquirere
1404 3372 1442 3438 ad
1466 3395 1555 3438 suam
1587 3373 1785 3439 uoluntatem
1823 3355 1902 3461 (3).

233 3493 236 3498 ¹
311 3514 332 3552 ³*
359 3515 539 3595 habentes
565 3532 679 3594 terras
708 3541 814 3619 supra
843 3514 955 3618 plano
983 3515 1084 3592 iuxta
1113 3513 1254 3593 dictum
1283 3512 1462 3593 fossatum
1483 3514 1628 3617 possint
1647 3531 1772 3592 tenere
1793 3531 1829 3591 et
1848 3510 1902 3590 la-

310 3670 439 3751 borare
468 3672 607 3753 dictam
635 3669 736 3751 uiam
765 3670 941 3775 quamdiu
969 3670 1145 3775 placuerit
1173 3669 1354 3749 conscilio
1370 3671 1596 3749 baennarum
1625 3689 1662 3747 et
1690 3695 1768 3748 non
1796 3667 1901 3746 ultra.

311 3847 346 3907 et
375 3831 508 3908 iterum
539 3829 701 3932 quelibet
728 3854 885 3933 persona
914 3828 1055 3908 habens
1083 3828 1143 3907 uel
1172 3855 1242 3932 que
1271 3828 1438 3906 habuerit
1475 3829 1623 3905 uineam
1653 3826 1712 3904 uel
1741 3825 1902 3929 aliquam

309 3988 589 4090 possessionem
618 3988 657 4066 in
686 3986 784 4065 dicta
811 4005 915 4065 costa
944 3984 1003 4064 uel
1032 3986 1070 4063 in
1099 3985 1196 4063 dicta
1224 4003 1390 4064 contrata
1427 3985 1546 4088 possit
1574 3985 1625 4062 ire
1654 3984 1699 4062 ad
1729 3983 1808 4062 eius
1835 4009 1901 4062 uo·

310 4143 490 4223 luntatem
519 4170 605 4222 cum
634 4170 739 4222 curru
768 4161 804 4221 et
832 4143 912 4222 sine
940 4142 1094 4247 quocies
1122 4141 1156 4220 ei
1184 4142 1431 4221 necessarium
1460 4139 1567 4220 luerit
1593 4167 1658 4245 per
1686 4146 1799 4220 terras
1826 4168 1898 4246 que

309 4321 394 4382 sunt
422 4302 515 4380 inter
547 4301 688 4381 dictum
721 4299 901 4381 fossatum
943 4319 980 4379 et
1020 4300 1129 4381 aliam
1171 4300 1309 4380 uietam
1342 4326 1413 4405 que
1445 4299 1547 4379 uadit
1579 4326 1642 4404 per
1676 4299 1826 4404 planum
1859 4300 1898 4378 in

306 4460 524 4541 rectitudine
552 4460 801 4565 possessionis
829 4486 906 4539 sue.
936 4462 1014 4539 siue
1056 4460 1129 4540 sint
1175 4458 1373 4539 imblauate
1415 4460 1493 4538 siue
1531 4466 1620 4537 non.
1651 4459 1730 4538 sine
1761 4462 1895 4538 banno.

309 4646 502 4724 quousque
531 4645 692 4699 comune
721 4637 865 4722 caperet
893 4637 930 4697 et
957 4637 1185 4723 recuperaret
1211 4619 1311 4697 uiam
1340 4617 1555 4722 predictam.
1574 4615 1647 4696 hoc
1667 4616 1772 4697 saluo
1796 4616 1896 4720 quod

307 4778 337 4856 si
365 4806 436 4883 qua
464 4804 621 4882 persona
650 4775 759 4856 habet
787 4776 847 4856 uel
875 4774 1024 4856 habebit
1050 4775 1173 4880 ayrale
1202 4774 1341 4856 ibidem
1360 4802 1439 4856 non
1458 4776 1576 4880 possit
1604 4776 1655 4853 ire
1684 4774 1730 4853 ad
1750 4774 1892 4854 dictum

307 4935 428 5039 ayrale
456 4963 519 5041 per
547 4956 681 5016 terram
718 4935 871 5015 alicuius
899 4934 963 5015 sed
993 4935 1043 5014 ire
1071 4934 1204 5055 debeat
1241 4934 1446 5015 solomodo
1472 4960 1537 5039 per
1563 4935 1664 5012 uiam
1692 4932 1895 5037 predictam
2013 4991 2015 4994 >

308 5096 386 5175 siue
416 5097 462 5175 sit
491 5094 690 5174 imblauata
719 5094 938 5174 smenon*
1011 5088 1012 5091 '
