1496 1873
354 264 391 283 251

354 671 392 691 ²5²

445 238 546 290 QJOD
561 258 709 279 ELIGANTUR
723 257 779 277 DUO
794 257 912 277 HOMINES
921 257 957 277 AD
967 257 1139 277 ESTIMANDUM
1153 257 1241 277 OMNIA

524 298 635 318 DAMPNA
648 298 703 322 QUE
716 297 820 317 DEBENT
834 297 851 317 A
866 296 1002 317 CAMPARIIS
1016 296 1156 316 EMENDARI.

478 353 525 403 Q
533 382 572 395 τΕΜ
591 380 682 395 statutum
696 379 724 395 est
738 374 789 401 quod
804 374 896 401 eligantur
910 374 949 394 duo
962 371 1050 395 homines
1071 375 1102 401 qui
1121 380 1219 395 teneantur
1233 381 1251 396 et

453 414 533 435 debeant
547 415 633 434 estimare
647 414 711 434 omnia
732 414 811 440 dampna
832 421 868 440 que
886 414 973 440 camparii
987 414 1086 434 emendare
1103 415 1214 435 tenebuntur
1228 415 1251 435 de

454 454 512 474 tribus
527 454 545 474 in
559 454 617 474 tribus
636 454 736 474 mensibus⁴
752 454 783 480 qui
798 453 877 473 habeant
895 460 929 480 pro
948 460 1013 473 eorum
1032 454 1105 474 salario.
1126 459 1164 474 tam
1178 461 1189 474 a
1203 461 1252 475 cam-

454 494 505 520 parjo
515 500 571 520 quam
580 501 590 513 a
600 493 659 520 passis
668 493 771 520 dampnum
781 497 831 511 solidos
840 501 855 511 m
864 501 888 515 pm
897 497 960 515 quotibet.
974 498 993 513 et
1001 493 1078 520 predicti
1091 493 1144 513 electi
1154 498 1252 514 teneantur

454 533 512 553 iurare
527 533 612 553 estimare
627 533 707 559 dampna
721 532 802 559 predicta
816 532 865 552 bona
879 532 922 552 fide.

448 646 503 687 DE
517 665 576 686 NON
590 664 752 685 DEBENTIBUS
765 664 844 684 FLERE
857 663 987 687 MORTUOS
1001 663 1072 683 ALTA
1086 663 1162 683 UOCE.

480 720 526 770 ἓξ
534 751 573 764 τΕΜ
587 748 676 764 statutum
691 748 719 763 est
733 743 784 769 quod
794 743 854 769 aliqua
863 750 942 769 persona
952 743 975 763 de
985 744 1061 763 baennis
1075 751 1114 764 non
1128 744 1194 764 debeat
1208 744 1252 764 flere

455 784 490 804 alta
505 790 557 803 uoce.
573 790 607 803 nec
621 783 692 809 palmas
705 783 728 802 ad
743 783 824 802 inuicem
838 787 933 809 percutere
952 783 1050 803 occasione
1071 782 1148 803 alicuius
1168 784 1253 810 corporis

455 823 524 843 mortui
539 827 638 849 postquam
653 822 697 842 illud
712 828 779 848 corpus
789 826 885 842 mortuum
900 827 949 842 esset
963 826 1066 842 extractum
1080 822 1103 842 de
1117 822 1177 842 domo
1187 823 1206 842 in
1216 829 1252 849 qua

456 867 510 882 esset.
525 869 559 882 nec
573 862 629 881 etiam
645 862 663 881 in
678 861 754 881 ecclesia
769 861 787 881 in
801 868 837 887 qua
851 866 945 887 portatum
960 861 1029 881 fuisset.
1049 868 1083 882 nec
1102 862 1121 882 in
1142 859 1252 882 ciment'erio

456 902 475 922 in
489 908 527 928 quo
541 900 661 927 sepelliretur.
675 901 763 920 uidelicet
777 901 796 920 in
810 900 840 920 illa
855 900 884 920 die
899 901 918 920 in
932 907 968 927 qua
982 906 1031 921 esset
1045 901 1138 927 sepultum
1158 901 1191 922 sub
1205 908 1253 928 pena

456 946 474 961 et
489 941 551 961 banno
566 940 670 961 solidorum
685 947 710 960 xx
724 947 758 966 pro
772 940 854 966 qualibet
874 947 953 966 persona
974 946 992 960 et
1013 940 1094 966 qualibet
1107 941 1154 961 uice.
1169 946 1188 961 et
1202 940 1253 961 farni-

457 982 510 1002 liares
524 981 596 1000 domini
610 980 709 1006 potestatis
722 980 795 1006 possint
809 986 899 999 accusare.
914 984 932 999 et
946 979 1023 1006 quilibet
1043 979 1090 1000 alius
1103 980 1220 1001 denunciare.
1235 986 1253 1001 et

456 1020 539 1040 credatur
553 1020 588 1040 nisi
603 1020 716 1039 contrarium
730 1019 843 1045 probaretur.
858 1026 892 1039 nec
906 1019 966 1045 aliqua
976 1026 1055 1045 persona
1064 1026 1100 1046 que
1113 1020 1189 1040 attineat
1199 1020 1252 1040 alicui

456 1064 533 1080 mortuo
547 1066 586 1080 non
599 1059 659 1086 possit
673 1065 707 1079 nec
722 1058 788 1078 debeat
798 1059 897 1078 occasione
907 1059 974 1079 mortis
983 1058 1033 1079 illius
1042 1066 1062 1079 se
1072 1059 1148 1080 induere
1157 1059 1181 1080 de
1190 1059 1253 1086 aliquo

456 1106 518 1126 panno
533 1099 594 1125 nigro.
609 1105 642 1119 seu
656 1098 705 1125 nigri
719 1098 788 1118 coloris
798 1103 875 1124 excepta
885 1105 943 1118 uxore
952 1105 986 1125 pro
995 1099 1069 1119 marito.
1080 1099 1114 1119 sub
1124 1099 1189 1119 eadem
1199 1106 1252 1126 pena.

457 1144 475 1159 et
488 1139 568 1159 habeant
581 1138 625 1158 dicti
640 1143 756 1158 accusatores
769 1138 843 1158 tertiani
857 1142 929 1164 partem
943 1138 1004 1158 banni.
