1496 1873
324 502 361 523 243

424 234 468 254 inde
481 234 592 254 deffenderit
606 239 624 254 et
638 235 706 255 iustam
720 234 857 255 deffensionem
877 235 940 255 iecerit
954 235 979 255 ita
993 235 1044 262 quod
1065 235 1177 256 absoluatur.
1191 242 1220 256 ac-

423 280 489 294 cusans
509 278 593 294 teneatur
614 278 633 294 et
653 274 719 294 debeat
739 274 835 294 restituere
856 275 980 295 incontinenti
994 274 1020 295 illi
1034 281 1114 301 persone
1134 279 1219 295 accusate

423 320 490 333 omnes
504 320 594 340 expensas
607 320 653 340 quas
667 313 710 334 inde
723 320 758 340 pro
772 313 888 334 deffensione
908 314 958 334 illius
977 321 1043 334 accuse
1062 314 1148 334 iurauerit
1162 321 1182 335 se
1195 314 1219 334 ie-

422 353 470 373 cisse
483 352 530 373 facta
543 353 638 373 taxatione
652 353 720 373 idonea
732 360 765 380 per
778 358 891 380 potestatem
901 353 941 373 siue
949 360 982 380 per
991 353 1031 374 eius
1040 353 1104 374 locum
1116 359 1218 374 tenentem.

422 392 446 412 Et
459 392 496 412 hoc
510 392 624 419 intelligatur
638 393 653 413 si
667 392 716 413 dicta
730 399 795 413 accusa
808 393 935 419 reprobabitur
949 393 1022 413 iniusta.

419 480 475 521 DE
488 500 624 522 FERRARIIS.

450 554 541 605 Qum
555 580 644 596 statutum
658 581 686 596 est
700 576 751 603 quod
765 576 849 597 serrarius
863 577 976 597 baennarum
990 582 1074 597 teneatur
1087 576 1146 597 facere
1156 581 1175 597 et
1186 576 1217 597 de-

421 615 464 636 beat
477 615 552 636 cuilibet
565 616 637 636 uolenti
651 620 679 636 tot
693 622 745 642 sapas
759 616 793 643 (5)
806 621 853 643 quot
867 616 883 636 ei
898 616 1010 637 neccessaria
1028 616 1096 636 fuerint
1109 623 1144 643 pro
1160 616 1217 636 dena-

420 655 453 675 riis
466 662 498 676 xv1
511 662 546 682 pro
559 655 641 682 qualibet
655 662 704 682 sapa.
718 656 766 676 Itern
780 660 848 676 testam
862 662 905 682 sape
918 662 953 682 pro
967 656 1047 676 denariis
1060 662 1092 676 nu.
1113 660 1132 676 et
1148 656 1217 676 securis

419 702 455 722 pro
468 695 548 715 denariis
561 702 586 715 vr.
602 695 626 715 Et
640 695 663 715 de
677 695 718 715 aliis
731 695 846 715 ferramentis
860 695 962 715 secundum
972 695 1022 722 quod
1039 702 1085 715 mox
1098 700 1132 715 est.
1151 700 1170 715 et
1183 695 1217 715 ser-

419 735 478 755 rarius
491 735 522 761 qui
536 734 665 755 contrafecerit
685 734 746 755 soluat
766 741 801 761 pro
821 734 903 761 qualibet
921 735 961 755 uice
976 734 1048 755 solidos
1061 741 1086 755 111.
1101 739 1120 755 et
1133 734 1216 761 quelibet

419 781 498 801 persona
512 774 571 801 possit
585 774 629 794 inde
642 781 727 794 accusare
741 779 760 794 et
774 774 791 794 ei
805 774 911 794 iuramento
924 774 1014 794 credatur.
1029 778 1047 794 et
1061 774 1118 794 etiam
1131 778 1216 800 potestas

419 814 480 841 possit
493 814 537 834 inde
551 814 649 840 inquirere.
663 819 681 834 et
696 814 711 834 si
724 821 761 840 qua
774 820 854 840 persona
867 813 972 834 comisserit
992 813 1073 840 aliquam
1089 812 1173 834 lraudem
1191 812 1216 833 fa-

419 853 487 874 ciendo
500 853 547 874 ultra
560 860 617 880 quam
631 854 648 874 ei
662 853 716 874 fuerit
729 853 864 874 neccessarium
878 853 965 873 eamdem
978 859 1046 879 penam
1062 853 1170 873 substineat.
