4800 6696
324 589 426 674 perta
453 569 560 649 fuerit
589 570 685 649 dicta
713 590 853 650 aratura
882 573 941 651 uel
969 589 1137 650 canatura
1167 598 1231 650 seu
1261 572 1569 675 impedimentum
1590 572 1761 653 eamdem
1781 564 1914 678 penam

326 728 534 834 substineat
556 757 624 833 pro
652 728 813 832 qualibet
831 731 912 808 uice
933 749 969 809 et
988 728 1150 833 quelibet
1168 754 1337 834 persona.
1367 731 1413 809 Et
1441 730 1602 834 quelibet
1622 758 1779 835 persona
1797 733 1916 836 possit

326 888 411 966 inde
439 914 607 966 accusare
636 907 672 967 et
701 890 734 966 ei
765 888 974 968 iuramento
1002 888 1180 967 credatur.
1211 907 1247 966 et
1275 889 1407 968 habeat
1443 890 1589 968 tertiam
1619 910 1761 993 partem
1789 891 1912 968 banni.

326 1065 361 1124 et
390 1067 557 1159 teneatur
584 1047 735 1149 priuata.

321 1483 431 1648 DE
477 1565 800 1645 HABENTIBUS
845 1563 1042 1647 TERRAS
1087 1564 1185 1644 UEL
1231 1561 1592 1643 POSSESSIONES
1638 1563 1732 1645 PER
1777 1564 1908 1644 UIAM

477 1724 649 1803 BEALIS
677 1724 744 1803 AB
772 1722 923 1804 ORTO
952 1722 1159 1804 HENRICI
1186 1723 1253 1802 DE
1280 1721 1380 1801 AST
1407 1722 1654 1804 SUPERIUS.

396 1947 473 2002 B

393 1961 470 2129 ”le
482 2068 560 2123 Tau
589 2062 766 2122 statutum
788 2045 962 2147 estquod
983 2070 1139 2147 persona
1159 2043 1298 2123 habens
1320 2044 1598 2148 possessionem
1617 2041 1677 2121 uel
1697 2062 1831 2121 terram
1850 2012 1914 2146 per

323 2202 422 2280 uiam
453 2200 565 2279 bealis
592 2204 637 2279 ab
666 2222 750 2280 orto
779 2202 918 2280 henrici
946 2201 992 2280 de
1020 2220 1076 2280 ast
1104 2202 1270 2305 superius
1310 2201 1403 2280 ultra
1446 2199 1548 2280 beale
1580 2228 1696 2305 usque
1724 2200 1770 2280 ad
1797 2200 1914 2281 finem

323 2360 437 2439 sancti
466 2358 586 2438 albani
615 2379 782 2438 teneatur
811 2379 848 2438 et
874 2378 996 2464 aptare
1026 2379 1062 2438 et
1090 2378 1215 2439 tenere
1245 2378 1443 2464 strepatam
1472 2378 1509 2439 et
1536 2379 1698 2464 aptatam
1717 2360 1818 2439 uiam
1847 2388 1914 2465 pu-

322 2518 454 2598 blicam
484 2519 583 2597 iuxta
610 2519 888 2622 possessionem
918 2547 1034 2599 suam.
1064 2482 1106 2598 et¹
1129 2536 1308 2622 quantum
1351 2518 1558 2597 extenditur
1599 2517 1696 2597 dicta
1724 2520 1912 2623 possessio

322 2678 411 2757 eius.
443 2679 492 2755 ita
520 2676 621 2781 quod
650 2679 696 2755 sit
724 2697 807 2782 apta
836 2698 871 2757 et
901 2697 1058 2781 strepata
1086 2677 1420 2781 secundumquod
1449 2677 1700 2756 ordinauerint
1729 2697 1765 2757 et
1792 2703 1914 2782 prece-

320 2837 439 2939 perint
467 2835 543 2913 duo
572 2836 736 2914 massarii
757 2834 803 2913 ad
822 2835 894 2914 hoc
915 2834 1022 2914 electi
1052 2834 1118 2914 sub
1146 2863 1240 2941 pena
1261 2833 1468 2915 solidorum
1498 2862 1535 2915 111
1563 2863 1630 2939 pro
1650 2833 1812 2940 qualibet
1836 2862 1914 2939 per-

322 3021 412 3072 sona
440 2994 592 3097 quocies
624 2991 889 3073 contrafecerit.
924 3021 994 3098 qua
1021 3020 1115 3097 pena
1148 2993 1268 3073 soluta
1300 2992 1565 3073 nichilominus
1597 3012 1763 3073 teneatur
1796 2993 1921 3093 facere,

320 3169 357 3229 et
384 3150 578 3230 obseruare
606 3151 779 3256 predicta.
809 3178 905 3255 quos
933 3152 1131 3232 massarios
1172 3151 1352 3232 dominus
1392 3170 1558 3256 potestas
1600 3151 1912 3261 teneatur-facere

320 3308 408 3413 eligi
429 3309 519 3390 infra
538 3337 708 3391 mensem
728 3336 844 3388 unum
872 3328 1070 3414 postquam
1099 3311 1270 3390 iurauerit
1288 3312 1458 3415 regimen
1478 3282 1723 3389 baennarum.
1739 3329 1775 3389 et
1795 3310 1911 3391 lacere

320 3469 433 3573 aptari
462 3487 498 3548 et
526 3469 556 3548 si
584 3468 720 3547 dictam
749 3469 850 3547 uiam
879 3487 915 3547 et
944 3469 1172 3548 manuteneri
1201 3487 1242 3547 ut
1269 3468 1497 3548 dictumest.
1525 3467 1697 3548 videlicet
1716 3469 1763 3548 de
1782 3494 1910 3548 mense
1965 3473 1967 3478 ’

320 3626 445 3705 madii.

209 4033 212 4042 Ι
321 4004 430 4169 DE
457 4083 696 4163 FOSSATO
724 4082 986 4170 FACIENDO
1014 4083 1108 4164 PER
1136 4082 1267 4163 VlAM
1295 4083 1435 4164 PODlI
1453 4085 1489 4164 Α
1508 4086 1715 4168 STRATA
1734 4090 1904 4185 USQUE

477 4247 546 4323 AD
575 4243 769 4326 UOTAM
797 4245 879 4324 [ΗΕ
909 4243 1057 4324 PODll.

383 4462 556 4664 Qun
584 4590 763 4652 statutum
792 4593 847 4652 est
875 4572 976 4676 quod
996 4572 1157 4676 quelibet
1172 4598 1329 4677 persona
1349 4573 1488 4650 habens
1516 4591 1650 4651 terram
1669 4571 1729 4651 uel
1748 4572 1909 4676 aliquam

319 4732 598 4837 possessionem
627 4730 737 4810 aliam
766 4731 957 4835 peruiam
987 4730 1090 4835 podii
1132 4758 1150 4808 a
1194 4749 1304 4808 strata
1346 4757 1460 4834 usque
1489 4730 1534 4808 ad
1563 4739 1690 4809 uolam
1720 4732 1778 4809 uie
1806 4730 1909 4835 podii

320 4890 419 4970 iuxta
449 4891 587 4970 dictam
616 4891 715 4969 uiam
744 4892 789 4968 ab
818 4908 969 4993 utraque
989 4907 1089 4993 parte
1113 4891 1171 4968 uie
1192 4888 1353 4993 predicte
1373 4888 1505 4968 debeat
1534 4908 1569 4968 et
1598 4907 1764 4968 teneatur
1792 4888 1909 4968 lacere

319 5076 436 5132 unum
465 5049 644 5129 fossatum
673 5047 899 5154 profundum
927 5048 1042 5125 tribus
1069 5046 1223 5150 pedibus
1251 5066 1287 5126 et
1317 5047 1460 5151 largum
1490 5065 1571 5127 11110r
1601 5067 1779 5151 quantum
1807 5067 1909 5128 tenet

321 5234 386 5287 sua
413 5208 603 5311 possessio
630 5234 746 5312 usque
774 5205 820 5285 ad
851 5206 992 5285 exitum
1022 5207 1160 5286 mensis
1189 5207 1300 5285 madii
1329 5207 1502 5311 proximi.
1537 5207 1582 5286 Et
1611 5233 1755 5312 semper
1783 5193 1910 5287 manu-

321 5384 446 5444 tenere
475 5363 616 5443 dictum
644 5364 824 5446 fossatum
845 5384 885 5442 ut
903 5364 1046 5443 dictum
1066 5382 1122 5444 est
1142 5363 1208 5443 sub
1227 5390 1321 5469 pena
1350 5362 1559 5444 solidorum
1587 5391 1624 5444 111
1651 5392 1720 5472 pro
1748 5366 1910 5469 qualibet

321 5549 478 5628 persona
497 5548 568 5626 que
587 5521 852 5603 contrafecerit.
874 5522 918 5601 Et
946 5521 1212 5629 nichilominus
1233 5541 1400 5602 teneatur
1418 5520 1535 5603 facere
1555 5523 1695 5602 dictum
1714 5523 1906 5604 fossatum.
