4800 6698
1024 222 1150 322 XIII

296 563 396 629 menti
420 560 567 629 denarios
592 584 614 630 u
638 583 695 650 pro
720 560 856 650 qualibet
880 555 957 627 libra
981 561 1019 627 de
1044 560 1158 630 mobili
1182 579 1212 627 et
1236 560 1275 627 de
1301 561 1462 629 immobili
1493 561 1638 629 denarios
1663 586 1707 630 uu
1731 586 1788 651 pro
1813 585 1887 651 qua·

296 719 371 787 libet
395 720 472 786 libra
496 720 553 810 (l

428 880 445 917 *
465 880 492 931 ln
511 878 574 932 villa
594 879 756 932 baeunarum
775 891 800 931 et
820 890 893 931 extra
912 877 1034 931 denarios
1054 894 1094 931 uu
1113 895 1160 948 pro
1179 878 1243 931 libra
1262 878 1280 914 i

112 1305 164 1400 64
288 1196 491 1404 QJOD
519 1278 829 1361 PRINCIPALIS
857 1279 1000 1361 PRIUS
1028 1278 1407 1360 CONUENIATUR
1449 1278 1593 1360 ANTE
1628 1279 1784 1375 QUAM
1820 1278 1879 1358 FI-

443 1436 705 1518 DEIUSSOR.

350 1685 446 1889 Q
464 1803 541 1856 Teu
562 1794 740 1855 statutum
760 1793 815 1855 est
835 1775 936 1879 quod
956 1775 1116 1855 creditor
1134 1774 1287 1853 alicuius
1310 1774 1424 1854 debiti
1448 1802 1526 1854 non
1548 1775 1666 1879 possit
1685 1793 1808 1878 petere
1827 1773 1887 1852 ali-

297 1934 385 2039 quid
414 1962 480 2012 nec
509 1933 642 2013 habere
671 1962 691 2011 a
719 1933 935 2012 fideiussore
965 1960 1029 2012 seu
1057 1932 1336 2012 fideiussoribus
1354 1961 1422 2036 pro
1450 1932 1530 2011 aliis
1558 1933 1768 2012 constitutis
1796 1933 1885 2011 dum

298 2093 482 2198 predictus
510 2092 668 2171 creditor
696 2094 860 2171 inuenIet
888 2091 1025 2196 aliquid
1050 2092 1096 2170 de
1125 2093 1233 2171 rebus
1261 2092 1441 2196 expeditis
1459 2090 1667 2196 principalis
1695 2092 1883 2171 debitoris.

299 2270 335 2331 et
364 2251 464 2355 quod
493 2269 658 2355 potestas
685 2278 762 2329 non
791 2249 923 2329 debeat
960 2250 1166 2354 predictum
1208 2250 1430 2329 creditorem
1471 2248 1530 2328 uel
1572 2249 1772 2328 creditores
1800 2248 1884 2327 inde

299 2408 424 2487 audire
453 2437 520 2487 nec
549 2407 664 2486 lacem
695 2407 779 2486 inde
822 2409 1017 2486 rationem.
1060 2425 1096 2486 et
1137 2405 1290 2511 quilibet
1331 2406 1556 2510 intelligatur
1584 2433 1663 2485 esse
1691 2405 1886 2485 fideiussor

299 2567 537 2670 quamuisse
566 2566 798 2643 constituerit
838 2563 1077 2668 principalem
1114 2562 1335 2643 debitorem.
1369 2564 1438 2642 nisi
1466 2562 1527 2642 ille
1555 2563 1614 2642 uel
1643 2562 1693 2642 illi
1723 2563 1784 2666 qui
1814 2561 1886 2640 lue-

299 2725 371 2801 rint
399 2722 557 2802 confessi
591 2722 758 2802 debitum
787 2749 825 2801 se
855 2721 1024 2800 habuisse
1053 2740 1089 2800 et
1118 2722 1309 2825 recepisse.
1330 2741 1366 2799 et
1394 2722 1465 2800 hoc
1495 2719 1620 2799 locum
1648 2720 1780 2799 lrabeat
1807 2739 1884 2798 tam

195 2950 197 2954 a
300 2881 337 2959 in
365 2881 546 2984 preteritis
574 2904 685 2984 quam
713 2879 751 2959 in
780 2878 920 2957 futuris.
951 2898 987 2958 et
1015 2879 1183 2982 personis
1206 2878 1454 2958 habitantibus
1483 2879 1519 2965 in
1550 2879 1700 2957 baennis
1727 2895 1883 2957 tantum.

300 3036 405 3117 saluo
434 3037 535 3142 quod
564 3038 594 3116 si
622 3037 745 3141 plures
774 3036 961 3116 debitores
989 3036 1120 3116 luerint
1148 3038 1186 3114 in
1214 3063 1291 3115 uno
1319 3035 1446 3116 debito
1465 3037 1502 3115 in
1523 3035 1684 3115 solidum
1717 3035 1883 3138 obligati.

301 3214 337 3274 et
364 3222 428 3299 per
455 3194 643 3299 publicum
672 3195 958 3274 instrumentum
994 3195 1197 3299 apparuerit
1235 3194 1375 3273 dictum
1416 3193 1582 3273 debitum
1609 3194 1818 3297 peruenisse
1848 3193 1884 3270 in

302 3353 497 3432 utilitatem
526 3352 678 3431 alicuius
707 3353 872 3455 ipsorum
900 3351 959 3430 uel
988 3350 1208 3456 aliquorum.
1238 3351 1338 3454 quod
1358 3351 1450 3430 alius
1468 3349 1527 3430 uel
1547 3350 1606 3429 alii
1626 3351 1812 3430 debitores
1839 3349 1883 3427 ad

301 3511 405 3588 cuius
431 3508 491 3588 uel
519 3536 678 3613 quorum
707 3509 919 3588 instantiam
947 3508 1084 3588 lactum
1103 3508 1209 3587 fuerit
1237 3508 1378 3588 dictum
1406 3510 1692 3588 instrumentum
1720 3526 1885 3587 teneatur

301 3692 367 3744 seu
395 3684 587 3744 teneantur
614 3666 851 3745 fideiussores
879 3693 959 3745 esse
988 3684 1024 3744 et
1052 3667 1090 3744 in
1119 3664 1184 3744 illo
1213 3692 1298 3744 casu
1326 3693 1403 3744 non
1430 3667 1548 3769 possit
1569 3665 1739 3744 creditor
1762 3693 1885 3768 proce·

301 3822 387 3902 dere
417 3842 544 3902 contra
574 3826 676 3928 ipsos
703 3824 773 3903 nisi
802 3844 992 3927 tamquam
1021 3840 1148 3902 contra
1176 3821 1413 3931 fideiussores
1441 3850 1518 3901 non
1546 3821 1715 3901 obstante
1744 3821 1884 3901 confes-

301 3982 407 4060 sione
436 3980 528 4059 lacta
557 3982 594 4060 in
624 3983 871 4060 instrumento
900 3979 1026 4059 debiti.

111 4401 161 4493 ⁶5
286 4290 401 4454 Du
424 4361 692 4454 uououuu
719 4358 1050 4453 excussione,

348 4620 540 4823 ffireu
568 4733 745 4793 statutum
764 4734 819 4794 est
838 4714 939 4819 quod
968 4717 1005 4794 in
1034 4717 1252 4794 excussione
1279 4714 1466 4794 bonorum
1495 4716 1704 4794 uacantium
1728 4715 1883 4795 sufficiat

300 4874 330 4952 si
358 4872 448 4952 fiant
477 4871 562 4950 inde
590 4891 665 4951 tres
684 4872 781 4950 cride
802 4899 865 4951 seu
884 4855 1209 4976 preconizationes
1225 4900 1331 4977 super
1350 4874 1553 4983 campanile
1573 4873 1639 4978 (2)
1661 4855 1883 4952 baenitarum

299 5029 415 5109 tribus
433 5029 563 5108 diebus
582 5029 768 5108 continuis
787 5049 959 5132 precepto
978 5031 1184 5132 potestatis.
1204 5029 1264 5108 uel
1284 5031 1362 5109 eius
1381 5030 1506 5109 locum
1520 5031 1680 5108 tenentis
1695 5031 1733 5109 in
1752 5029 1883 5133 quibus

298 5187 413 5279 tribus
440 5184 802 5304 preconizationibus
843 5213 908 5265 seu
950 5187 1059 5265 cridis
1100 5187 1331 5265 contineatur
1368 5205 1404 5265 et
1431 5186 1686 5290 preconizetur
1714 5187 1776 5290 qui
1803 5185 1883 5265 uult

298 5341 508 5423 deffendere
536 5342 635 5423 bona
664 5343 722 5422 uel
751 5345 857 5422 heres
885 5370 965 5422 esse
985 5343 1082 5422 illius
1101 5344 1205 5422 cuius
1223 5312 1409 5423 bonorum
1437 5343 1500 5423 fiet
1529 5343 1699 5422 excussio
1728 5343 1762 5422 si
1786 5370 1882 5422 mor-

298 5518 384 5578 tuus
411 5499 530 5580 fuerit.
560 5518 596 5579 et
624 5502 653 5578 si
682 5500 788 5579 luerit
816 5505 949 5581 absens
977 5503 1208 5581 contineatur
1236 5502 1274 5580 in
1298 5502 1386 5605 ipsis
1413 5501 1522 5580 cridis
1550 5501 1611 5605 qui
1641 5500 1719 5580 uult
1746 5501 1883 5581 deffen-

408 5733 432 5806 4
