4800 6698
284 691 354 745 211
482 596 593 764 DE
619 672 869 760 NOTARIIS
895 669 1048 756 CURIE
1073 665 1411 752 BAENNARUM.

550 938 583 1059 Ξ.-
598 964 718 1059 1Teu
746 996 924 1057 statutum
954 995 1009 1056 est
1037 977 1138 1082 quod
1168 977 1334 1056 notarius
1362 978 1460 1055 curie
1494 978 1720 1055 baennarum
1749 995 1916 1055 teneatur
1945 998 1981 1056 et
2009 977 2076 1056 de-

481 1139 567 1219 beat
595 1137 751 1217 scribere
779 1162 1108 1242 proquacumque
1135 1162 1294 1239 persona
1335 1135 1537 1214 terminum
1566 1135 1694 1213 datum
1722 1162 1790 1239 pro
1818 1134 1971 1214 denario
1999 1162 2011 1214 1
2040 1153 2076 1213 et

482 1323 754 1401 quamcumque
782 1296 1011 1400 positionem
1041 1319 1105 1372 seu
1134 1293 1406 1397 exceptionem.
1427 1314 1463 1371 et
1482 1291 1762 1397 replicationem
1782 1320 1850 1397 pro
1878 1292 2031 1372 denario
2050 1320 2073 1372 1.

412 1549 415 1559 Ι
482 1455 529 1535 de
557 1453 685 1534 libello
713 1481 790 1532 non
820 1452 951 1532 debeat
979 1451 1111 1531 habere
1140 1449 1234 1530 ultra
1262 1452 1435 1531 denarios
1462 1478 1499 1531 v1
1528 1470 1564 1530 et
1592 1451 1638 1530 de
1667 1450 1831 1555 qualibet
1866 1451 2074 1530 intentione

482 1642 598 1719 usque
627 1615 664 1692 in
693 1613 846 1691 duabus.
876 1611 1049 1690 denarios
1076 1637 1112 1690 u.
1143 1629 1178 1689 et
1207 1609 1253 1689 de
1281 1609 1449 1714 quolibet
1476 1609 1586 1689 titulo
1613 1610 1858 1713 positionum.
1889 1628 1924 1688 et
1953 1610 2075 1688 inten-

483 1775 630 1852 tionum
660 1788 695 1850 et
723 1768 1005 1874 replicationum
1033 1769 1205 1848 denarios
1232 1796 1268 1848 u.
1300 1790 1336 1848 et
1363 1798 1384 1848 a
1407 1767 1552 1847 duabus
1581 1768 1850 1849 intentionibus
1869 1794 1976 1872 supra
2003 1794 2071 1871 pro

483 1929 646 2034 qualibet
674 1929 882 2008 intentione
911 1929 1104 2007 denarium
1119 1955 1229 2031 uque
1258 1925 1351 2005 ultra
1380 1926 1496 2006 dictas
1524 1926 1614 2028 duas
1643 1925 1777 2005 fuerint
1799 1927 1977 2042 scripte
2004 1978 2009 1988 -ι
2063 1952 2066 1961 ·

287 2322 360 2376 212
480 2226 594 2396 DE
620 2303 953 2390 SARTORIBUS.

545 2516 721 2728 Quen
749 2594 929 2693 statutum
958 2634 994 2694 et
1022 2613 1235 2693 ordinatum
1277 2614 1344 2720 (3)
1387 2636 1442 2694 est
1483 2615 1584 2719 quod
1627 2585 1787 2695 sartores
1815 2633 1892 2694 tam
1920 2613 2076 2694 masculi

485 2798 596 2876 quam
624 2770 762 2851 femine
790 2790 984 2852 teneantur
1011 2770 1128 2851 facere
1157 2757 1332 2875 gonellos
1359 2771 1426 2878 (4)
1455 2790 1492 2851 et
1520 2770 1721 2851 fustanicos
1749 2773 1816 2879 (5)
1857 2772 2075 2852 hominibus

484 2928 734 3008 habitantibus
761 2930 799 3007 in
827 2928 981 3008 baennis
1007 2929 1029 2967 ⁴*
1057 2930 1164 3009 etatis
1192 2955 1243 3008 xv
1271 2955 1455 3007 annorum
1496 2927 1556 3008 uel
1588 2928 1682 3009 ultra
1708 2957 1776 3034 pro
1809 2930 1968 3010 denariis
1999 2958 2074 3011 vu1.

485 3104 522 3165 et
550 3114 599 3163 xv
627 3113 811 3166 annorum
840 3086 931 3166 infra
958 3114 1074 3192 usque
1093 3086 1139 3166 ad
1168 3114 1230 3166 vu1
1258 3114 1378 3168 annos
1405 3115 1472 3192 pro
1501 3087 1661 3168 denariis
1687 3116 1736 3169 v1.
1758 3107 1794 3168 et
1813 3091 1936 3193 pueris
1954 3091 2076 3195 paruis

485 3245 642 3323 minoris
657 3245 765 3323 etatis
779 3270 842 3324 v1u
856 3271 1041 3324 annorum
1059 3271 1127 3348 pro
1143 3245 1302 3325 denariis
1315 3271 1368 3326 uu
1388 3263 1425 3324 et
1443 3244 1650 3325 uardacona
1670 3245 1737 3354 (6)
1756 3244 1977 3327 feminarum
1997 3249 2076 3327 sine

484 3429 605 3507 penna
624 3402 691 3509 (7)
709 3429 778 3506 pro
794 3402 918 3482 solido
937 3430 949 3482 1
968 3421 1004 3482 et
1020 3429 1105 3482 cum
1123 3431 1244 3508 penna
1258 3431 1326 3508 pro
1341 3404 1501 3484 denariis
1518 3412 1618 3485 xv'nt.
1635 3423 1671 3483 et
1685 3431 1843 3509 persona
1858 3433 1929 3510 que
1948 3425 2076 3486 contra

483 3558 610 3640 fecerit
624 3560 746 3640 soluat
763 3587 832 3665 pro
850 3584 944 3665 pena
958 3588 1026 3666 pro
1041 3561 1204 3666 qualibet
1221 3588 1379 3667 persona
1394 3581 1431 3642 et
1444 3562 1606 3667 qualibet
1625 3564 1706 3642 uice
1726 3563 1869 3645 solidos
1882 3592 1920 3646 111
1936 3583 1972 3644 et
1990 3593 2075 3669 que-

483 3718 572 3799 libet
599 3746 758 3825 persona
775 3720 895 3823 possit
914 3718 1000 3799 inde
1019 3746 1200 3800 accusare.
1230 3738 1266 3799 et
1295 3722 1327 3799 ei
1357 3721 1566 3800 iuramento
1594 3720 1772 3801 credatur.
1794 3741 1830 3802 et
1849 3723 1982 3803 habeat
2000 3742 2074 3804 ter-

483 3879 573 3958 tiam
601 3897 744 3982 partem
772 3877 883 3957 banni
913 3896 950 3957 et
977 3896 1144 3957 teneatur
1171 3878 1322 3983 priuata.
1344 3876 1480 3957 eodem
1499 3878 1618 3958 modo
1637 3898 1805 3959 teneatur
1832 3879 1949 3961 facere
1977 3884 2075 3987 paria
2103 3881 2105 3885 ’

484 4035 687 4140 caligarum
715 4062 783 4139 pro
811 4035 970 4115 denariis
998 4062 1036 4115 u1
1065 4036 1328 4140 cuiuscumque
1355 4037 1467 4140 panni
1497 4037 1570 4116 sint
1599 4036 1665 4116 sub
1694 4038 1826 4117 eadem
1862 4066 1968 4143 pena.

759 4439 946 4548 domini
981 4433 1240 4543 millesimo
1277 4468 1574 4541 ccuxxxxvut
1609 4429 1844 4585 indicione
1880 4443 1958 4534 ΧΓ.

481 4802 595 4972 Da
621 4880 741 4966 uon
766 4874 1077 4962 nucumuuo
1103 4870 1342 4970 Attoueu
1360 4867 1595 4954 uounuu
1612 4868 1669 4950 nt
1687 4863 2079 4948 uauuntouuu
2137 4901 2139 4904 Δ

639 5035 978 5124 BAENNARUM.
1011 5034 1078 5141 (a)

433 5379 435 5383 ¹
547 5258 719 5462 &aaut
747 5367 925 5430 statutum
955 5367 1010 5429 est
1039 5349 1140 5454 quod
1169 5350 1200 5429 si
1227 5349 1360 5455 aliquis
1387 5349 1525 5430 nobilis
1543 5369 1712 5455 receptus
1738 5350 1845 5443 luerit
1874 5353 1911 5432 in
1939 5353 2076 5434 babita-

480 5527 603 5588 torem
631 5506 691 5588 uel
720 5509 841 5588 ciuem
870 5509 1095 5588 baennarum
1137 5509 1354 5588 interiorum
1382 5537 1403 5589 a
1430 5537 1480 5588 xv
1507 5511 1614 5590 annis
1657 5511 1745 5590 citra
1782 5509 1883 5614 quod
1912 5496 2073 5592 comune
