<?xml version="1.0" encoding="UTF-8"?>
<!DOCTYPE html PUBLIC "-//W3C//DTD XHTML 1.0 Transitional//EN"
    "http://www.w3.org/TR/xhtml1/DTD/xhtml1-transitional.dtd">
<html xmlns="http://www.w3.org/1999/xhtml" xml:lang="en" lang="en">
 <head>
  <title>
</title>
<meta http-equiv="Content-Type" content="text/html;charset=utf-8" />
  <meta name='ocr-system' content='tesseract 3.04.00' />
  <meta name='ocr-capabilities' content='ocr_page ocr_carea ocr_par ocr_line ocrx_word'/>
</head>
<body>
  <div class='ocr_page' id='page_1' title='image "./capitulaetstatu00assagoog_0168.png"; bbox 0 0 4800 6696; ppageno 0'>
   <div class='ocr_carea' id='block_1_1' title="bbox 563 500 2111 660">
    <p class='ocr_par' dir='ltr' id='par_1_1' title="bbox 527 500 2111 660">
     <span class='ocr_line' id='line_1_1' title="bbox 563 500 2111 660; baseline 0.005 -55.818"><span class='ocrx_word' id='word_1_1' title='bbox 563 541 718 660; x_wconf 46' lang='lat' dir='ltr'>pp</span> <span class='ocrx_word' id='word_1_2' title='bbox 757 527 865 604; x_wconf 87' lang='lat' dir='ltr'>sunt</span> <span class='ocrx_word' id='word_1_3' title='bbox 921 500 1119 639; x_wconf 89' lang='lat' dir='ltr'>capitula</span> <span class='ocrx_word' id='word_1_4' title='bbox 1152 530 1201 606; x_wconf 90' lang='lat' dir='ltr'>et</span> <span class='ocrx_word' id='word_1_5' title='bbox 1240 503 1571 607; x_wconf 79' lang='lat' dir='ltr'>ordinamenta</span> <span class='ocrx_word' id='word_1_6' title='bbox 1626 505 1741 607; x_wconf 83' lang='lat' dir='ltr'>lacta</span> <span class='ocrx_word' id='word_1_7' title='bbox 1787 507 1845 609; x_wconf 92' lang='lat' dir='ltr'>de</span> <span class='ocrx_word' id='word_1_8' title='bbox 1883 511 2111 612; x_wconf 88' lang='lat' dir='ltr'>omnibus</span> 
     </span>
    </p>
   </div>
   <div class='ocr_carea' id='block_1_2' title="bbox 528 680 2110 805">
    <p class='ocr_par' dir='ltr' id='par_1_2' title="bbox 528 680 2110 805">
     <span class='ocr_line' id='line_1_2' title="bbox 528 680 2110 805; baseline -0.002 0"><span class='ocrx_word' id='word_1_9' title='bbox 528 680 753 805; x_wconf 43' lang='lat' dir='ltr'>lis</span> <span class='ocrx_word' id='word_1_10' title='bbox 791 695 975 797; x_wconf 81' lang='lat' dir='ltr'>fossatis</span> <span class='ocrx_word' id='word_1_11' title='bbox 1013 722 1057 796; x_wconf 91' lang='lat' dir='ltr'>et</span> <span class='ocrx_word' id='word_1_12' title='bbox 1097 695 1322 798; x_wconf 92' lang='lat' dir='ltr'>omnibus</span> <span class='ocrx_word' id='word_1_13' title='bbox 1379 697 1665 800; x_wconf 84' lang='lat' dir='ltr'>comunibus</span> <span class='ocrx_word' id='word_1_14' title='bbox 1704 724 1755 801; x_wconf 90' lang='lat' dir='ltr'>ut</span> <span class='ocrx_word' id='word_1_15' title='bbox 1792 699 1908 802; x_wconf 81' lang='lat' dir='ltr'>infra</span> <span class='ocrx_word' id='word_1_16' title='bbox 1964 705 2110 803; x_wconf 89' lang='lat' dir='ltr'>conti-</span> 
     </span>
    </p>
   </div>
   <div class='ocr_carea' id='block_1_3' title="bbox 520 1368 2039 1570">
    <p class='ocr_par' dir='ltr' id='par_1_3' title="bbox 520 1368 2039 1570">
     <span class='ocr_line' id='line_1_3' title="bbox 520 1368 2039 1570; baseline 0.005 -43"><span class='ocrx_word' id='word_1_17' title='bbox 520 1368 721 1570; x_wconf 75' lang='lat' dir='ltr'>QJOD</span> <span class='ocrx_word' id='word_1_18' title='bbox 750 1449 931 1529; x_wconf 86' lang='lat' dir='ltr'>OMMIA</span> <span class='ocrx_word' id='word_1_19' title='bbox 959 1452 1205 1531; x_wconf 85' lang='lat' dir='ltr'>COMUNlA</span> <span class='ocrx_word' id='word_1_20' title='bbox 1232 1454 1676 1536; x_wconf 86' lang='lat' dir='ltr'><strong>DETERMINENTUR</strong></span> <span class='ocrx_word' id='word_1_21' title='bbox 1705 1457 1759 1536; x_wconf 87' lang='lat' dir='ltr'>IN</span> <span class='ocrx_word' id='word_1_22' title='bbox 1787 1456 2039 1537; x_wconf 84' lang='lat' dir='ltr'><strong>PASCHUO.</strong></span> 
     </span>
    </p>
   </div>
   <div class='ocr_carea' id='block_1_4' title="bbox 388 1665 2249 3455">
    <p class='ocr_par' dir='ltr' id='par_1_4' title="bbox 521 1665 2249 2507">
     <span class='ocr_line' id='line_1_4' title="bbox 581 1665 2115 1873; baseline 0.001 -24"><span class='ocrx_word' id='word_1_23' title='bbox 581 1665 759 1867; x_wconf 52' lang='grc' dir='ltr'><strong>ἓΕΤΕΜ</strong></span> <span class='ocrx_word' id='word_1_24' title='bbox 787 1787 964 1849; x_wconf 90' lang='lat' dir='ltr'>statutum</span> <span class='ocrx_word' id='word_1_25' title='bbox 994 1788 1049 1849; x_wconf 91' lang='lat' dir='ltr'>est</span> <span class='ocrx_word' id='word_1_26' title='bbox 1077 1769 1177 1873; x_wconf 92' lang='lat' dir='ltr'>quod</span> <span class='ocrx_word' id='word_1_27' title='bbox 1205 1787 1370 1873; x_wconf 88' lang='lat' dir='ltr'>potestas</span> <span class='ocrx_word' id='word_1_28' title='bbox 1395 1769 1622 1847; x_wconf 81' lang='lat' dir='ltr'>&#39;baennarum</span> <span class='ocrx_word' id='word_1_29' title='bbox 1651 1787 1817 1848; x_wconf 88' lang='lat' dir='ltr'>teneatur</span> <span class='ocrx_word' id='word_1_30' title='bbox 1845 1787 1881 1848; x_wconf 89' lang='lat' dir='ltr'>et</span> <span class='ocrx_word' id='word_1_31' title='bbox 1909 1769 2040 1869; x_wconf 84' lang='lat' dir='ltr'>debeat</span> <span class='ocrx_word' id='word_1_32' title='bbox 2067 1769 2115 1849; x_wconf 82' lang='lat' dir='ltr'>f-</span> 
     </span>
     <span class='ocr_line' id='line_1_5' title="bbox 522 1925 2113 2031; baseline -0.001 -21"><span class='ocrx_word' id='word_1_33' title='bbox 522 1958 603 2010; x_wconf 87' lang='lat' dir='ltr'>cere</span> <span class='ocrx_word' id='word_1_34' title='bbox 632 1929 868 2009; x_wconf 85' lang='lat' dir='ltr'>determinari</span> <span class='ocrx_word' id='word_1_35' title='bbox 898 1946 934 2006; x_wconf 89' lang='lat' dir='ltr'>et</span> <span class='ocrx_word' id='word_1_36' title='bbox 963 1927 1149 2030; x_wconf 88' lang='lat' dir='ltr'>designari</span> <span class='ocrx_word' id='word_1_37' title='bbox 1179 1928 1217 2005; x_wconf 96' lang='lat' dir='ltr'>in</span> <span class='ocrx_word' id='word_1_38' title='bbox 1245 1925 1409 2031; x_wconf 90' lang='lat' dir='ltr'>paschuo</span> <span class='ocrx_word' id='word_1_39' title='bbox 1437 1945 1475 2005; x_wconf 94' lang='lat' dir='ltr'>et</span> <span class='ocrx_word' id='word_1_40' title='bbox 1502 1927 1540 2005; x_wconf 94' lang='lat' dir='ltr'>in</span> <span class='ocrx_word' id='word_1_41' title='bbox 1568 1925 1751 2029; x_wconf 85' lang='lat' dir='ltr'>ayralibus</span> <span class='ocrx_word' id='word_1_42' title='bbox 1779 1926 2003 2007; x_wconf 90' lang='lat' dir='ltr'>baennarum</span> <span class='ocrx_word' id='word_1_43' title='bbox 2024 1927 2113 2008; x_wconf 85' lang='lat' dir='ltr'>illud</span> 
     </span>
     <span class='ocr_line' id='line_1_6' title="bbox 521 2082 2115 2193; baseline -0.001 -27"><span class='ocrx_word' id='word_1_44' title='bbox 521 2086 622 2193; x_wconf 91' lang='lat' dir='ltr'>qnod</span> <span class='ocrx_word' id='word_1_45' title='bbox 650 2085 758 2165; x_wconf 84' lang='lat' dir='ltr'>fuerit</span> <span class='ocrx_word' id='word_1_46' title='bbox 787 2086 960 2164; x_wconf 90' lang='lat' dir='ltr'>comunis</span> <span class='ocrx_word' id='word_1_47' title='bbox 988 2086 1032 2163; x_wconf 87' lang='lat' dir='ltr'>ab</span> <span class='ocrx_word' id='word_1_48' title='bbox 1063 2083 1130 2162; x_wconf 94' lang='lat' dir='ltr'>illo</span> <span class='ocrx_word' id='word_1_49' title='bbox 1159 2084 1260 2188; x_wconf 91' lang='lat' dir='ltr'>quod</span> <span class='ocrx_word' id='word_1_50' title='bbox 1289 2082 1396 2163; x_wconf 81' lang='lat' dir='ltr'>luerit</span> <span class='ocrx_word' id='word_1_51' title='bbox 1439 2083 1592 2163; x_wconf 88' lang='lat' dir='ltr'>alicuius</span> <span class='ocrx_word' id='word_1_52' title='bbox 1633 2111 1791 2188; x_wconf 87' lang='lat' dir='ltr'>persone</span> <span class='ocrx_word' id='word_1_53' title='bbox 1830 2084 1997 2189; x_wconf 90' lang='lat' dir='ltr'>specialis</span> <span class='ocrx_word' id='word_1_54' title='bbox 2024 2087 2115 2165; x_wconf 87' lang='lat' dir='ltr'>inlra</span> 
     </span>
     <span class='ocr_line' id='line_1_7' title="bbox 521 2240 2109 2353; baseline -0.001 -28"><span class='ocrx_word' id='word_1_55' title='bbox 521 2271 692 2325; x_wconf 91' lang='lat' dir='ltr'>mensem</span> <span class='ocrx_word' id='word_1_56' title='bbox 719 2270 838 2322; x_wconf 93' lang='lat' dir='ltr'>unum</span> <span class='ocrx_word' id='word_1_57' title='bbox 865 2260 1065 2347; x_wconf 85' lang='lat' dir='ltr'>postquam</span> <span class='ocrx_word' id='word_1_58' title='bbox 1094 2243 1267 2353; x_wconf 88' lang='lat' dir='ltr'>iurauerit</span> <span class='ocrx_word' id='word_1_59' title='bbox 1286 2242 1456 2345; x_wconf 84' lang='lat' dir='ltr'>regimen</span> <span class='ocrx_word' id='word_1_60' title='bbox 1476 2240 1563 2321; x_wconf 91' lang='lat' dir='ltr'>uille</span> <span class='ocrx_word' id='word_1_61' title='bbox 1592 2259 1629 2321; x_wconf 91' lang='lat' dir='ltr'>et</span> <span class='ocrx_word' id='word_1_62' title='bbox 1656 2241 1855 2322; x_wconf 92' lang='lat' dir='ltr'>hominum</span> <span class='ocrx_word' id='word_1_63' title='bbox 1871 2244 2109 2324; x_wconf 87' lang='lat' dir='ltr'>baennarum.</span> 
     </span>
     <span class='ocr_line' id='line_1_8' title="bbox 521 2399 2249 2507; baseline 0.001 -25"><span class='ocrx_word' id='word_1_64' title='bbox 521 2404 568 2483; x_wconf 88' lang='lat' dir='ltr'>Et</span> <span class='ocrx_word' id='word_1_65' title='bbox 597 2403 657 2482; x_wconf 90' lang='lat' dir='ltr'>illa</span> <span class='ocrx_word' id='word_1_66' title='bbox 686 2428 843 2507; x_wconf 85' lang='lat' dir='ltr'>persona</span> <span class='ocrx_word' id='word_1_67' title='bbox 873 2428 943 2505; x_wconf 90' lang='lat' dir='ltr'>que</span> <span class='ocrx_word' id='word_1_68' title='bbox 973 2402 1123 2479; x_wconf 90' lang='lat' dir='ltr'>inuenta</span> <span class='ocrx_word' id='word_1_69' title='bbox 1151 2399 1260 2480; x_wconf 84' lang='lat' dir='ltr'>fuerit</span> <span class='ocrx_word' id='word_1_70' title='bbox 1288 2419 1414 2479; x_wconf 88' lang='lat' dir='ltr'>tenere</span> <span class='ocrx_word' id='word_1_71' title='bbox 1442 2399 1580 2504; x_wconf 88' lang='lat' dir='ltr'>aliquid</span> <span class='ocrx_word' id='word_1_72' title='bbox 1609 2427 1771 2479; x_wconf 90' lang='lat' dir='ltr'>comune</span> <span class='ocrx_word' id='word_1_73' title='bbox 1800 2401 1838 2479; x_wconf 93' lang='lat' dir='ltr'>in</span> <span class='ocrx_word' id='word_1_74' title='bbox 1857 2402 2027 2505; x_wconf 88' lang='lat' dir='ltr'>paschuis</span> <span class='ocrx_word' id='word_1_75' title='bbox 2054 2402 2114 2482; x_wconf 90' lang='lat' dir='ltr'>uel</span> <span class='ocrx_word' id='word_1_76' title='bbox 2246 2480 2249 2484; x_wconf 84' lang='lat'>.</span> 
     </span>
    </p>

    <p class='ocr_par' dir='ltr' id='par_1_5' title="bbox 388 2556 2157 3455">
     <span class='ocr_line' id='line_1_9' title="bbox 388 2556 2114 2663; baseline -0.001 -23"><span class='ocrx_word' id='word_1_77' title='bbox 388 2624 391 2628; x_wconf 16' lang='lat' dir='ltr'>a</span> <span class='ocrx_word' id='word_1_78' title='bbox 520 2563 559 2640; x_wconf 93' lang='lat' dir='ltr'>in</span> <span class='ocrx_word' id='word_1_79' title='bbox 587 2559 771 2663; x_wconf 87' lang='lat' dir='ltr'>ayralibus</span> <span class='ocrx_word' id='word_1_80' title='bbox 798 2559 1037 2638; x_wconf 88' lang='lat' dir='ltr'>baennarum.</span> <span class='ocrx_word' id='word_1_81' title='bbox 1059 2558 1137 2636; x_wconf 91' lang='lat' dir='ltr'>siue</span> <span class='ocrx_word' id='word_1_82' title='bbox 1158 2558 1195 2636; x_wconf 92' lang='lat' dir='ltr'>in</span> <span class='ocrx_word' id='word_1_83' title='bbox 1215 2557 1361 2659; x_wconf 88' lang='lat' dir='ltr'>ayralia.</span> <span class='ocrx_word' id='word_1_84' title='bbox 1384 2558 1454 2637; x_wconf 92' lang='lat' dir='ltr'>nisi</span> <span class='ocrx_word' id='word_1_85' title='bbox 1475 2557 1508 2637; x_wconf 90' lang='lat' dir='ltr'>ei</span> <span class='ocrx_word' id='word_1_86' title='bbox 1527 2556 1707 2637; x_wconf 88' lang='lat' dir='ltr'>hactenus</span> <span class='ocrx_word' id='word_1_87' title='bbox 1734 2584 1955 2638; x_wconf 87' lang='lat' dir='ltr'>concessum</span> <span class='ocrx_word' id='word_1_88' title='bbox 1984 2558 2114 2639; x_wconf 82' lang='lat' dir='ltr'>fuisset</span> 
     </span>
     <span class='ocr_line' id='line_1_10' title="bbox 521 2713 2111 2819; baseline -0.001 -22"><span class='ocrx_word' id='word_1_89' title='bbox 521 2748 541 2797; x_wconf 90' lang='lat' dir='ltr'>a</span> <span class='ocrx_word' id='word_1_90' title='bbox 570 2719 723 2797; x_wconf 91' lang='lat' dir='ltr'>comuni</span> <span class='ocrx_word' id='word_1_91' title='bbox 753 2717 846 2795; x_wconf 90' lang='lat' dir='ltr'>sicut</span> <span class='ocrx_word' id='word_1_92' title='bbox 875 2716 1114 2818; x_wconf 86' lang='lat' dir='ltr'>designatum</span> <span class='ocrx_word' id='word_1_93' title='bbox 1142 2713 1250 2794; x_wconf 85' lang='lat' dir='ltr'>fuerit</span> <span class='ocrx_word' id='word_1_94' title='bbox 1278 2742 1342 2818; x_wconf 85' lang='lat' dir='ltr'>per</span> <span class='ocrx_word' id='word_1_95' title='bbox 1370 2714 1456 2795; x_wconf 90' lang='lat' dir='ltr'>illos</span> <span class='ocrx_word' id='word_1_96' title='bbox 1486 2717 1547 2819; x_wconf 92' lang='lat' dir='ltr'>qui</span> <span class='ocrx_word' id='word_1_97' title='bbox 1576 2715 1622 2794; x_wconf 89' lang='lat' dir='ltr'>ad</span> <span class='ocrx_word' id='word_1_98' title='bbox 1651 2714 1723 2794; x_wconf 93' lang='lat' dir='ltr'>hoc</span> <span class='ocrx_word' id='word_1_99' title='bbox 1752 2717 1945 2795; x_wconf 90' lang='lat' dir='ltr'>constituti</span> <span class='ocrx_word' id='word_1_100' title='bbox 1964 2715 2111 2795; x_wconf 83' lang='lat' dir='ltr'>fuerint.</span> 
     </span>
     <span class='ocr_line' id='line_1_11' title="bbox 523 2855 2111 2978; baseline -0.001 -24"><span class='ocrx_word' id='word_1_101' title='bbox 523 2875 612 2954; x_wconf 91' lang='lat' dir='ltr'>illud</span> <span class='ocrx_word' id='word_1_102' title='bbox 642 2874 774 2953; x_wconf 88' lang='lat' dir='ltr'>debeat</span> <span class='ocrx_word' id='word_1_103' title='bbox 802 2875 949 2978; x_wconf 90' lang='lat' dir='ltr'>penitus</span> <span class='ocrx_word' id='word_1_104' title='bbox 977 2872 1163 2952; x_wconf 86' lang='lat' dir='ltr'>dimittere</span> <span class='ocrx_word' id='word_1_105' title='bbox 1184 2872 1398 2976; x_wconf 87' lang='lat' dir='ltr'>expeditum</span> <span class='ocrx_word' id='word_1_106' title='bbox 1418 2892 1455 2952; x_wconf 90' lang='lat' dir='ltr'>et</span> <span class='ocrx_word' id='word_1_107' title='bbox 1473 2872 1647 2952; x_wconf 84' lang='lat' dir='ltr'>relaxare.</span> <span class='ocrx_word' id='word_1_108' title='bbox 1665 2901 1745 2953; x_wconf 90' lang='lat' dir='ltr'>-nec</span> <span class='ocrx_word' id='word_1_109' title='bbox 1773 2875 1820 2953; x_wconf 93' lang='lat' dir='ltr'>de</span> <span class='ocrx_word' id='word_1_110' title='bbox 1850 2855 1930 2978; x_wconf 90' lang='lat' dir='ltr'>ipso</span> <span class='ocrx_word' id='word_1_111' title='bbox 1959 2877 2111 2955; x_wconf 89' lang='lat' dir='ltr'>comuni</span> 
     </span>
     <span class='ocr_line' id='line_1_12' title="bbox 522 3028 2112 3136; baseline 0.001 -26"><span class='ocrx_word' id='word_1_112' title='bbox 522 3031 660 3136; x_wconf 87' lang='lat' dir='ltr'>aliquid</span> <span class='ocrx_word' id='word_1_113' title='bbox 689 3030 807 3110; x_wconf 87' lang='lat' dir='ltr'>facere</span> <span class='ocrx_word' id='word_1_114' title='bbox 836 3029 896 3109; x_wconf 92' lang='lat' dir='ltr'>uel</span> <span class='ocrx_word' id='word_1_115' title='bbox 926 3028 1094 3109; x_wconf 85' lang='lat' dir='ltr'>claudere</span> <span class='ocrx_word' id='word_1_116' title='bbox 1124 3029 1188 3109; x_wconf 90' lang='lat' dir='ltr'>sed</span> <span class='ocrx_word' id='word_1_117' title='bbox 1217 3030 1404 3109; x_wconf 86' lang='lat' dir='ltr'>dimittere</span> <span class='ocrx_word' id='word_1_118' title='bbox 1433 3029 1658 3110; x_wconf 89' lang='lat' dir='ltr'>disclausum</span> <span class='ocrx_word' id='word_1_119' title='bbox 1688 3049 1724 3111; x_wconf 91' lang='lat' dir='ltr'>et</span> <span class='ocrx_word' id='word_1_120' title='bbox 1747 3030 1839 3110; x_wconf 91' lang='lat' dir='ltr'>nihil</span> <span class='ocrx_word' id='word_1_121' title='bbox 1861 3032 1897 3110; x_wconf 95' lang='lat' dir='ltr'>in</span> <span class='ocrx_word' id='word_1_122' title='bbox 1918 3060 1965 3112; x_wconf 89' lang='lat' dir='ltr'>eo</span> <span class='ocrx_word' id='word_1_123' title='bbox 1984 3060 2112 3136; x_wconf 88' lang='lat' dir='ltr'>capere</span> 
     </span>
     <span class='ocr_line' id='line_1_13' title="bbox 525 3186 2113 3294; baseline 0.001 -24"><span class='ocrx_word' id='word_1_124' title='bbox 525 3195 592 3271; x_wconf 92' lang='lat' dir='ltr'>sub</span> <span class='ocrx_word' id='word_1_125' title='bbox 620 3216 714 3294; x_wconf 89' lang='lat' dir='ltr'>pena</span> <span class='ocrx_word' id='word_1_126' title='bbox 745 3206 781 3267; x_wconf 91' lang='lat' dir='ltr'>et</span> <span class='ocrx_word' id='word_1_127' title='bbox 810 3186 933 3267; x_wconf 91' lang='lat' dir='ltr'>banno</span> <span class='ocrx_word' id='word_1_128' title='bbox 963 3187 1171 3268; x_wconf 86' lang='lat' dir='ltr'>solidorum</span> <span class='ocrx_word' id='word_1_129' title='bbox 1199 3215 1224 3267; x_wconf 87' lang='lat' dir='ltr'>x</span> <span class='ocrx_word' id='word_1_130' title='bbox 1252 3215 1321 3293; x_wconf 92' lang='lat' dir='ltr'>pro</span> <span class='ocrx_word' id='word_1_131' title='bbox 1348 3187 1516 3293; x_wconf 90' lang='lat' dir='ltr'>quolibet</span> <span class='ocrx_word' id='word_1_132' title='bbox 1544 3208 1581 3268; x_wconf 91' lang='lat' dir='ltr'>et</span> <span class='ocrx_word' id='word_1_133' title='bbox 1609 3189 1770 3294; x_wconf 90' lang='lat' dir='ltr'>qualibet</span> <span class='ocrx_word' id='word_1_134' title='bbox 1787 3191 1881 3269; x_wconf 90' lang='lat' dir='ltr'>uice.</span> <span class='ocrx_word' id='word_1_135' title='bbox 1911 3210 1947 3270; x_wconf 91' lang='lat' dir='ltr'>et</span> <span class='ocrx_word' id='word_1_136' title='bbox 1976 3190 2113 3272; x_wconf 83' lang='lat' dir='ltr'>solido</span> 
     </span>
     <span class='ocr_line' id='line_1_14' title="bbox 522 3346 2157 3455; baseline 0.002 -29"><span class='ocrx_word' id='word_1_137' title='bbox 522 3374 605 3427; x_wconf 90' lang='lat' dir='ltr'>rum</span> <span class='ocrx_word' id='word_1_138' title='bbox 633 3374 658 3427; x_wconf 88' lang='lat' dir='ltr'>x</span> <span class='ocrx_word' id='word_1_139' title='bbox 687 3373 755 3451; x_wconf 85' lang='lat' dir='ltr'>pro</span> <span class='ocrx_word' id='word_1_140' title='bbox 786 3346 944 3426; x_wconf 90' lang='lat' dir='ltr'>emenda</span> <span class='ocrx_word' id='word_1_141' title='bbox 973 3346 1136 3426; x_wconf 91' lang='lat' dir='ltr'>comuni.</span> <span class='ocrx_word' id='word_1_142' title='bbox 1166 3347 1213 3425; x_wconf 89' lang='lat' dir='ltr'>Et</span> <span class='ocrx_word' id='word_1_143' title='bbox 1240 3364 1406 3449; x_wconf 88' lang='lat' dir='ltr'>potestas</span> <span class='ocrx_word' id='word_1_144' title='bbox 1424 3347 1543 3450; x_wconf 83' lang='lat' dir='ltr'>possit</span> <span class='ocrx_word' id='word_1_145' title='bbox 1562 3366 1598 3426; x_wconf 90' lang='lat' dir='ltr'>et</span> <span class='ocrx_word' id='word_1_146' title='bbox 1617 3365 1784 3455; x_wconf 82' lang='lat' dir='ltr'>teneatur</span> <span class='ocrx_word' id='word_1_147' title='bbox 1804 3347 1889 3427; x_wconf 91' lang='lat' dir='ltr'>inde</span> <span class='ocrx_word' id='word_1_148' title='bbox 1919 3350 2111 3454; x_wconf 84' lang='lat' dir='ltr'>inquirere.</span> <span class='ocrx_word' id='word_1_149' title='bbox 2155 3360 2157 3365; x_wconf 84' lang='grc'><strong>’</strong></span> 
     </span>
    </p>
   </div>
   <div class='ocr_carea' id='block_1_5' title="bbox 326 3732 958 3927">
    <p class='ocr_par' dir='ltr' id='par_1_6' title="bbox 326 3732 958 3928">
     <span class='ocr_line' id='line_1_15' title="bbox 326 3732 958 3927; baseline 0.003 -36"><span class='ocrx_word' id='word_1_150' title='bbox 326 3848 400 3927; x_wconf 73' lang='lat'>324</span> <span class='ocrx_word' id='word_1_151' title='bbox 517 3732 626 3896; x_wconf 82' lang='lat' dir='ltr'>De</span> <span class='ocrx_word' id='word_1_152' title='bbox 655 3813 743 3892; x_wconf 78' lang='lat' dir='ltr'>our</span> <span class='ocrx_word' id='word_1_153' title='bbox 771 3813 958 3893; x_wconf 74' lang='lat' dir='ltr'>oulen.</span> 
     </span>
    </p>
   </div>
   <div class='ocr_carea' id='block_1_6' title="bbox 520 4029 2113 4868">
    <p class='ocr_par' dir='ltr' id='par_1_7' title="bbox 520 4029 2113 4868">
     <span class='ocr_line' id='line_1_16' title="bbox 578 4029 2113 4237; baseline 0.001 -25"><span class='ocrx_word' id='word_1_154' title='bbox 578 4029 758 4231; x_wconf 49' lang='lat' dir='ltr'>Qum</span> <span class='ocrx_word' id='word_1_155' title='bbox 787 4150 964 4212; x_wconf 89' lang='lat' dir='ltr'>statutum</span> <span class='ocrx_word' id='word_1_156' title='bbox 1003 4149 1059 4211; x_wconf 89' lang='lat' dir='ltr'>est</span> <span class='ocrx_word' id='word_1_157' title='bbox 1091 4130 1192 4236; x_wconf 92' lang='lat' dir='ltr'>quod</span> <span class='ocrx_word' id='word_1_158' title='bbox 1221 4132 1280 4209; x_wconf 90' lang='lat' dir='ltr'>uia</span> <span class='ocrx_word' id='word_1_159' title='bbox 1308 4158 1380 4236; x_wconf 90' lang='lat' dir='ltr'>que</span> <span class='ocrx_word' id='word_1_160' title='bbox 1409 4131 1511 4210; x_wconf 90' lang='lat' dir='ltr'>uadit</span> <span class='ocrx_word' id='word_1_161' title='bbox 1551 4159 1615 4236; x_wconf 91' lang='lat' dir='ltr'>per</span> <span class='ocrx_word' id='word_1_162' title='bbox 1657 4150 1790 4211; x_wconf 86' lang='lat' dir='ltr'>terram</span> <span class='ocrx_word' id='word_1_163' title='bbox 1829 4134 1951 4237; x_wconf 86' lang='lat' dir='ltr'>guacii</span> <span class='ocrx_word' id='word_1_164' title='bbox 1981 4135 2113 4213; x_wconf 88' lang='lat' dir='ltr'>debeat</span> 
     </span>
     <span class='ocr_line' id='line_1_17' title="bbox 520 4287 2112 4396; baseline 0.001 -26"><span class='ocrx_word' id='word_1_165' title='bbox 520 4292 637 4371; x_wconf 89' lang='lat' dir='ltr'>teneri</span> <span class='ocrx_word' id='word_1_166' title='bbox 665 4310 788 4396; x_wconf 88' lang='lat' dir='ltr'>aperta</span> <span class='ocrx_word' id='word_1_167' title='bbox 818 4309 854 4369; x_wconf 91' lang='lat' dir='ltr'>et</span> <span class='ocrx_word' id='word_1_168' title='bbox 883 4291 1064 4395; x_wconf 87' lang='lat' dir='ltr'>expedita.</span> <span class='ocrx_word' id='word_1_169' title='bbox 1087 4308 1123 4368; x_wconf 91' lang='lat' dir='ltr'>et</span> <span class='ocrx_word' id='word_1_170' title='bbox 1143 4289 1243 4393; x_wconf 92' lang='lat' dir='ltr'>quod</span> <span class='ocrx_word' id='word_1_171' title='bbox 1264 4288 1316 4367; x_wconf 93' lang='lat' dir='ltr'>illi</span> <span class='ocrx_word' id='word_1_172' title='bbox 1335 4290 1398 4394; x_wconf 93' lang='lat' dir='ltr'>qui</span> <span class='ocrx_word' id='word_1_173' title='bbox 1420 4287 1555 4368; x_wconf 87' lang='lat' dir='ltr'>habent</span> <span class='ocrx_word' id='word_1_174' title='bbox 1574 4291 1833 4393; x_wconf 90' lang='lat' dir='ltr'>possessiones</span> <span class='ocrx_word' id='word_1_175' title='bbox 1853 4293 1953 4370; x_wconf 80' lang='lat' dir='ltr'>iuxta</span> <span class='ocrx_word' id='word_1_176' title='bbox 1974 4292 2112 4372; x_wconf 86' lang='lat' dir='ltr'>dictam</span> 
     </span>
     <span class='ocr_line' id='line_1_18' title="bbox 522 4447 2112 4552; baseline 0 -24"><span class='ocrx_word' id='word_1_177' title='bbox 522 4449 623 4528; x_wconf 88' lang='lat' dir='ltr'>uiam</span> <span class='ocrx_word' id='word_1_178' title='bbox 651 4466 846 4527; x_wconf 85' lang='lat' dir='ltr'>teneantur</span> <span class='ocrx_word' id='word_1_179' title='bbox 874 4447 990 4527; x_wconf 84' lang='lat' dir='ltr'>lacere</span> <span class='ocrx_word' id='word_1_180' title='bbox 1019 4473 1136 4526; x_wconf 90' lang='lat' dir='ltr'>unum</span> <span class='ocrx_word' id='word_1_181' title='bbox 1156 4451 1337 4524; x_wconf 83' lang='lat' dir='ltr'>tossatum</span> <span class='ocrx_word' id='word_1_182' title='bbox 1357 4447 1452 4525; x_wconf 91' lang='lat' dir='ltr'>inter</span> <span class='ocrx_word' id='word_1_183' title='bbox 1473 4474 1512 4526; x_wconf 90' lang='lat' dir='ltr'>se</span> <span class='ocrx_word' id='word_1_184' title='bbox 1532 4466 1569 4526; x_wconf 91' lang='lat' dir='ltr'>et</span> <span class='ocrx_word' id='word_1_185' title='bbox 1588 4474 1749 4527; x_wconf 90' lang='lat' dir='ltr'>comune</span> <span class='ocrx_word' id='word_1_186' title='bbox 1768 4466 1912 4527; x_wconf 92' lang='lat' dir='ltr'>tantum</span> <span class='ocrx_word' id='word_1_187' title='bbox 1933 4468 2112 4552; x_wconf 89' lang='lat' dir='ltr'>quantum</span> 
     </span>
     <span class='ocr_line' id='line_1_19' title="bbox 522 4574 2112 4712; baseline 0 -25"><span class='ocrx_word' id='word_1_188' title='bbox 522 4625 651 4687; x_wconf 90' lang='lat' dir='ltr'>tenent</span> <span class='ocrx_word' id='word_1_189' title='bbox 680 4633 744 4685; x_wconf 88' lang='lat' dir='ltr'>sue</span> <span class='ocrx_word' id='word_1_190' title='bbox 772 4606 1040 4710; x_wconf 88' lang='lat' dir='ltr'>possessiones.</span> <span class='ocrx_word' id='word_1_191' title='bbox 1072 4605 1215 4707; x_wconf 85' lang='lat' dir='ltr'>largum</span> <span class='ocrx_word' id='word_1_192' title='bbox 1245 4574 1391 4712; x_wconf 87' lang='lat' dir='ltr'>duobus</span> <span class='ocrx_word' id='word_1_193' title='bbox 1418 4605 1574 4708; x_wconf 91' lang='lat' dir='ltr'>pedibus</span> <span class='ocrx_word' id='word_1_194' title='bbox 1593 4624 1630 4684; x_wconf 91' lang='lat' dir='ltr'>et</span> <span class='ocrx_word' id='word_1_195' title='bbox 1648 4605 1872 4710; x_wconf 83' lang='lat' dir='ltr'>profundum</span> <span class='ocrx_word' id='word_1_196' title='bbox 1901 4634 1978 4686; x_wconf 91' lang='lat' dir='ltr'>uno</span> <span class='ocrx_word' id='word_1_197' title='bbox 1996 4635 2112 4712; x_wconf 88' lang='lat' dir='ltr'>usque</span> 
     </span>
     <span class='ocr_line' id='line_1_20' title="bbox 523 4762 2113 4868; baseline 0.001 -24"><span class='ocrx_word' id='word_1_198' title='bbox 523 4765 569 4845; x_wconf 87' lang='lat' dir='ltr'>ad</span> <span class='ocrx_word' id='word_1_199' title='bbox 598 4763 734 4844; x_wconf 81' lang='lat' dir='ltr'>festum</span> <span class='ocrx_word' id='word_1_200' title='bbox 762 4781 999 4867; x_wconf 87' lang='lat' dir='ltr'>pentecostes</span> <span class='ocrx_word' id='word_1_201' title='bbox 1028 4764 1241 4868; x_wconf 84' lang='lat' dir='ltr'>proximum</span> <span class='ocrx_word' id='word_1_202' title='bbox 1270 4762 1337 4841; x_wconf 90' lang='lat' dir='ltr'>sub</span> <span class='ocrx_word' id='word_1_203' title='bbox 1365 4789 1459 4866; x_wconf 88' lang='lat' dir='ltr'>pena</span> <span class='ocrx_word' id='word_1_204' title='bbox 1480 4763 1688 4844; x_wconf 90' lang='lat' dir='ltr'>solidorum</span> <span class='ocrx_word' id='word_1_205' title='bbox 1716 4792 1753 4844; x_wconf 85' lang='lat'>111</span> <span class='ocrx_word' id='word_1_206' title='bbox 1783 4784 1820 4844; x_wconf 90' lang='lat' dir='ltr'>et</span> <span class='ocrx_word' id='word_1_207' title='bbox 1848 4765 2113 4846; x_wconf 89' lang='lat' dir='ltr'>nichilominus</span> 
     </span>
    </p>
   </div>
   <div class='ocr_carea' id='block_1_7' title="bbox 523 4901 2123 5187">
    <p class='ocr_par' dir='ltr' id='par_1_8' title="bbox 523 4901 2123 5187">
     <span class='ocr_line' id='line_1_21' title="bbox 523 4901 2123 5028; baseline 0.001 -26"><span class='ocrx_word' id='word_1_208' title='bbox 523 4941 691 5003; x_wconf 85' lang='lat' dir='ltr'>teneatur</span> <span class='ocrx_word' id='word_1_209' title='bbox 720 4920 836 5002; x_wconf 84' lang='lat' dir='ltr'>lacere</span> <span class='ocrx_word' id='word_1_210' title='bbox 865 4922 1007 5001; x_wconf 90' lang='lat' dir='ltr'>dictum</span> <span class='ocrx_word' id='word_1_211' title='bbox 1036 4921 1218 5002; x_wconf 85' lang='lat' dir='ltr'>fossatum</span> <span class='ocrx_word' id='word_1_212' title='bbox 1248 4920 1370 5001; x_wconf 87' lang='lat' dir='ltr'>soluta</span> <span class='ocrx_word' id='word_1_213' title='bbox 1397 4949 1503 5025; x_wconf 90' lang='lat' dir='ltr'>pena.</span> <span class='ocrx_word' id='word_1_214' title='bbox 1533 4924 1580 5001; x_wconf 89' lang='lat' dir='ltr'>Et</span> <span class='ocrx_word' id='word_1_215' title='bbox 1599 4941 1765 5026; x_wconf 90' lang='lat' dir='ltr'>potestas</span> <span class='ocrx_word' id='word_1_216' title='bbox 1794 4926 1911 5028; x_wconf 86' lang='lat' dir='ltr'>possit</span> <span class='ocrx_word' id='word_1_217' title='bbox 1939 4925 2026 5004; x_wconf 89' lang='lat' dir='ltr'>inde</span> <span class='ocrx_word' id='word_1_218' title='bbox 2056 4901 2123 5004; x_wconf 58' lang='lat' dir='ltr'>in?</span> 
     </span>
     <span class='ocr_line' id='line_1_22' title="bbox 523 5080 773 5187; baseline 0.004 -29"><span class='ocrx_word' id='word_1_219' title='bbox 523 5082 665 5185; x_wconf 90' lang='lat' dir='ltr'>quirere</span> <span class='ocrx_word' id='word_1_220' title='bbox 694 5082 714 5187; x_wconf 92' lang='lat'>(</span> <span class='ocrx_word' id='word_1_221' title='bbox 741 5080 773 5186; x_wconf 89' lang='lat'>).</span> 
     </span>
    </p>
   </div>
   <div class='ocr_carea' id='block_1_8' title="bbox 0 0 2409 6692">
    <p class='ocr_par' dir='ltr' id='par_1_9' title="bbox 0 0 2409 6692">
     <span class='ocr_line' id='line_1_23' title="bbox 0 0 2409 6692; baseline 0 0"><span class='ocrx_word' id='word_1_222' title='bbox 0 0 2409 6692; x_wconf 95' lang='lat' dir='ltr'> </span> 
     </span>
    </p>
   </div>
  </div>
 </body>
</html>
