4800 6696
1094 275 1333 409 run

460 576 550 658 libet
566 577 754 656 beccarius'
772 575 833 655 uel
848 574 1064 672 ma'tcellator
1084 554 1173 654 non
1180 576 1299 679 possit
1318 600 1385 654 nec
1405 573 1538 654 debeat
1557 565 1829 656 tenere'carnes
1848 577 1932 656 ouis‘
1951 589 2056 688 capre

459 737 567 817 bechi
595 735 731 845 arietis
748 735 872 839 trogie
902 752 1009 839 super
1037 733 1219 812 bancham
1238 735 1277 812 in
1296 761 1366 836 qua
1395 733 1537 813 tenebit
1554 733 1614 812 uel
1633 733 1771 814 uendet
1798 740 1926 815 carries
1952 731 2058 840 porci

459 916 496 976 et
524 894 696 974 castrotis
724 892 791 972 sub
820 892 952 972 eadem
980 919 1075 997 pena
1104 891 1312 971 solidorum
1340 918 1376 969 v.
1406 893 1453 970 Et
1482 893 1511 971 si
1540 890 1672 997 aliquis
1700 894 1885 973 beccarius
1912 893 2055 975 fulciret

458 1052 623 1159 aliquam
652 1051 810 1131 bestiam
839 1052 899 1132 uel
928 1052 965 1131 in
994 1079 1037 1130 ea
1065 1051 1266 1155 sufflauerit
1294 1077 1359 1129 seu
1387 1049 1553 1130 inflatam
1572 1050 1698 1131 fecerit
1716 1051 1837 1131 soluat
1864 1079 1933 1157 pro
1960 1080 2054 1157 pena

463 1212 607 1293 solidos
634 1240 671 1291 x.
700 1212 747 1290 Et
775 1208 930 1314 quilibet
957 1209 1352 1328 possit-depredictis
1370 1235 1538 1328 acc-usare
1556 1227 1595 1326 et
1615 1210 1648 1289 ei
1663 1209 1830 1290 credatur
1844 1192 2054 1327 iuramenti)

386 1403 387 1406 ’
459 1389 495 1451 et
516 1389 682 1474 potestas
700 1369 820 1474 possit
838 1367 924 1448 inde
940 1369 1134 1474 inquirere.
1164 1385 1203 1452 Et
1218 1384 1304 1474 quod
1327 1403 1466 1473 potestas
1490 1408 1564 1452 cum
1588 1385 1717 1453 sindicis
1740 1387 1792 1453 uel
1815 1388 1893 1453 alter
1907 1389 2053 1475 ipsorum

458 1564 624 1615 teneantur
647 1562 679 1612 et
703 1543 836 1612 debeant
859 1543 933 1611 dare
956 1546 1104 1612 stantiam
1128 1542 1256 1610 cuilibet
1280 1543 1379 1611 bestie
1404 1561 1434 1610 et
1457 1547 1597 1611 maxime
1621 1544 1730 1612 bestiis
1753 1545 1881 1612 bouinis
1899 1512 1938 1613 et
1959 1549 2054 1613 etiam

456 1723 622 1773 teneantur
645 1705 719 1772 dare
743 1705 892 1771 stantiam
916 1702 1080 1793 agnelletis
1104 1721 1135 1770 et
1159 1705 1306 1791 caprotis.
1335 1685 1402 1792 (1)

260 2139 310 2194 20
316 2136 332 2215 5
449 2025 908 2196 Diamounas
935 2097 1004 2183 ET
1030 2096 1262 2180 [PSORUM
1292 2090 1611 2180 IURAMENTO
1650 2090 1719 2176 ET
1760 2086 2042 2175 PARATURA
2150 2151 2152 2156 Α

605 2259 768 2345 ΡΑΝΝΙ
794 2258 862 2343 ET
888 2255 1136 2341 MENSURA
1161 2253 1403 2339 IPSORUM.
1539 2248 1541 2252 ⁸

512 2485 692 2690 &grau
721 2599 897 2660 statutum
928 2599 983 2658 est
1013 2579 1115 2684 quod
1143 2598 1260 2659 testor
1293 2579 1352 2658 uel
1380 2581 1508 2660 testrix
1540 2579 1700 2660 habeant
1731 2599 1876 2661 tanturn
1906 2585 1951 2663 de
1979 2586 2053 2667 tela

459 2759 607 2820 sextum
626 2739 694 2847 (2)
715 2758 752 2818 et
772 2739 817 2818 de
837 2765 961 2843 panno
988 2738 1099 2842 nigro
1118 2713 1290 2816 denarios
1309 2764 1397 2816 xvur
1415 2765 1483 2841 pro
1499 2756 1576 2817 tesa
1592 2737 1659 2844 (3)
1674 2758 1710 2818 et
1729 2739 1775 2849 de
1787 2740 1957 2845 quolibet
1976 2726 2052 2845 alio

456 2926 581 3004 panno
609 2898 747 2977 albatio
776 2897 843 3004 (4)
871 2896 1044 2977 denarios
1063 2922 1112 2975 m.
1135 2895 1236 2975 etde
1255 2894 1341 2975 albo
1370 2896 1543 2975 denarios
1570 2923 1609 2976 nr
1636 2897 1703 3004 (5)
1728 2916 1765 2977 et
1784 2888 1864 2978 tesa¹
1889 2901 2052 2995 ordioria

458 3033 591 3139 debeat
620 3082 701 3136 esse
729 3056 841 3135 tercia
860 3081 942 3159 pars
960 3053 1043 3159 plus
1070 3080 1181 3158 quarn
1210 3053 1419 3133 uenditoria
1448 3055 1633 3135 comunis.
1662 3055 1729 3162 (6)
1750 3076 1786 3136 et
1805 3071 2052 3165 personaque

456 3214 712 3295 contrafecerit
741 3213 862 3293 soluat
889 3240 957 3317 pro
985 3240 1080 3317 pena
1109 3211 1253 3292 solidos
1272 3239 1322 3292 nr.
1344 3231 1380 3290 et
1398 3230 1566 3316 potestas
1594 3230 1761 3292 teneatur
1789 3215 1906 3295 facere
1934 3217 2051 3298 iurare

456 3374 633 3455 custodes
650 3393 817 3478 parature
846 3391 882 3450 et
913 3398 1048 3451 omnes
1068 3388 1227 3451 restores
1256 3389 1292 3450 et
1320 3371 1488 3450 testrices
1515 3371 1554 3449 iu
1582 3371 1763 3477 principio
1782 3373 1839 3453 sui
1856 3375 2052 3478 regiminis

459 3531 655 3612 obseruare
682 3531 845 3636 predicta
865 3550 901 3610 et
920 3530 1084 3637 quelibet
1102 3556 1259 3634 persona
1278 3529 1396 3633 possit
1416 3527 1503 3607 inde
1523 3555 1703 3629 accusare.
1725 3549 1761 3609 et
1780 3532 1813 3610 ei
1842 3533 2051 3614 iuramento

379 3721 381 3726 ·
458 3689 625 3769 credatur
653 3707 690 3769 et
717 3689 849 3768 habeat
876 3690 1028 3768 terciam
1069 3707 1212 3793 partem
1255 3687 1366 3765 banni
1395 3706 1431 3765 et
1459 3705 1627 3765 teneatur
1654 3688 1793 3791 priuata
1822 3708 1857 3769 et
1885 3710 2052 3795 potestas

459 3849 578 3953 possit
607 3874 715 3952 super
743 3846 917 3951 predictis
945 3847 1127 3950 inquirere
1155 3845 1200 3925 ad
1230 3872 1335 3924 suam
1364 3844 1608 3924 uoluntatem.
1639 3844 1764 3950 aliquo
1784 3846 1951 3951 capitulo
1972 3856 2051 3929 non

349 4120 352 4127 Ι
459 4007 642 4088 obstante.
664 4025 700 4085 et
719 4024 884 4109 potestas
912 4006 1028 4085 iurare
1056 4023 1223 4084 teneatur
1251 4003 1433 4106 inquirere
1462 4003 1619 4106 singulis
1647 4004 1762 4084 tribus
1790 3987 1980 4085 mensibus
2004 3971 2050 4086 de

459 4166 643 4271 predictis
674 4183 711 4244 et
738 4163 839 4269 quod
859 4191 936 4244 non
956 4165 1102 4269 possint
1121 4190 1249 4267 capere
1269 4189 1394 4241 earum
1423 4181 1565 4266 partem
1594 4163 1715 4243 donec
1744 4162 1841 4242 dicta
1869 4163 1941 4242 tela
1970 4181 2050 4244 tota

373 4420 376 4426 ι
407 4295 410 4300 .
459 4326 526 4404 erit
555 4322 658 4403 facta.
689 4341 726 4402 et
755 4323 792 4402 in
819 4323 1001 4427 presentia
1031 4321 1175 4401 domini
1204 4319 1276 4400 tele
1305 4321 1383 4399 siue
1402 4320 1556 4400 domine
1576 4320 1735 4399 debeant
1753 4321 1916 4424 accipere
1944 4349 2050 4402 suam

459 4502 600 4586 partem
629 4481 702 4561 tele
730 4481 777 4560 de
805 4481 869 4560 tali
896 4480 969 4561 tela
997 4508 1109 4584 quarn
1145 4481 1339 4558 texuerint.
1361 4497 1397 4558 et
1426 4480 1455 4557 si
1485 4507 1555 4582 qua
1584 4479 1714 4558 testrix
1741 4479 1892 4583 pecierit
1920 4479 1989 4558 nisi
2010 4499 2051 4559 ut

457 4641 664 4745 predictum
693 4658 760 4720 est.
791 4638 913 4720 soluat
939 4667 1007 4744 pro
1035 4666 1129 4744 pena
1150 4637 1293 4718 solidos
1321 4666 1343 4715 x
1372 4665 1439 4742 pro
1458 4636 1620 4740 qualibet
1638 4664 1796 4741 persona
1825 4657 1860 4716 et
1889 4636 2050 4742 qualibet

458 4801 551 4879 uice.
583 4820 619 4878 et
647 4797 810 4903 quelibet
837 4825 994 4904 persona
1023 4798 1141 4901 possit
1170 4796 1256 4876 inde
1284 4823 1465 4875 accusare.
1495 4796 1593 4875 etei
1623 4797 1831 4874 iuramento
1868 4795 2047 4876 credatur.

462 4975 494 5029 Et
512 4975 585 5046 quod
603 4976 666 5029 dicti
684 4986 796 5028 restores
815 4987 841 5026 et
859 4974 977 5028 testrices
995 4989 1050 5026 uon
1070 4973 1172 5041 possint
1198 4972 1281 5026 iacere
1309 4973 1391 5025 telam
1418 4971 1460 5024 uel
1484 4987 1601 5040 pannum
1629 4971 1706 5024 alicui
1728 4986 1840 5040 persone
1863 4983 1987 5024 extranee
2005 4988 2047 5024 ex·

459 5133 539 5202 ceptis
557 5132 709 5185 hominibus
736 5130 846 5184 domini.
865 5129 906 5200 (7)
924 5130 968 5199 qui
987 5140 1126 5183 teneantur
1153 5129 1238 5182 iurare
1258 5128 1332 5182 filum
1351 5145 1408 5183 esse
1433 5145 1512 5182 suunt
1536 5128 1584 5181 sub
1608 5144 1674 5197 pena
1693 5144 1741 5196 pro
1758 5126 1873 5198 qualibet
1897 5138 1972 5196 teysa
1990 5127 2049 5180 soli·

458 5290 553 5343 dorum
571 5308 588 5341 x
607 5291 634 5342 in
654 5290 774 5343 manibus
793 5288 894 5341 domini
913 5289 1049 5356 potestatis
1069 5300 1095 5363 er
1112 5286 1236 5340 dominus
1264 5299 1377 5356 potestas
1405 5298 1524 5341 teneatur
1552 5285 1681 5354 inquirere
1700 5285 1726 5337 in
1745 5285 1862 5355 quolibet
1887 5301 1986 5339 mense.
2006 5286 2049 5354 (8)
