4800 6698
474 513 620 595 domini
648 510 811 615 episcopi
829 510 850 548 '⁶
868 509 929 590 uel
956 510 1152 616 potestatis
1179 536 1257 589 non
1284 509 1403 613 possit
1423 535 1502 589 esse
1521 526 1724 588 accusator.
1745 507 1791 586 Et
1809 505 1911 611 quod
1938 505 2081 612 aliquis'

474 673 643 777 quinon
672 669 719 749 sit
747 668 785 747 in
812 686 965 773 regesto
992 667 1013 708 ³*
1041 669 1269 748 baennarum
1297 667 1472 747 librarum
1512 694 1563 747 xx
1605 666 1665 746 uel
1703 693 1810 770 supra
1836 666 1957 769 possit
1985 657 2066 745 esse

475 829 614 910 electus
642 846 769 907 custos
794 827 958 931 priuatus
1000 845 1037 906 et
1078 826 1109 906 si
1151 823 1418 906 contrafactum
1456 824 1563 905 luerit
1592 825 1671 904 eius
1698 850 1828 904 accusa
1858 824 1905 902 sit
1933 821 2071 903 nullius

392 1090 395 1096 Ι
476 987 624 1067 ualoris.
654 986 722 1094 (3)

175 1643 179 1651 ‚
281 1541 353 1622 225
474 1448 589 1618 De
614 1526 862 1615 eeusours
900 1525 1186 1613 accusaris
1224 1525 1543 1638 retrursus
1568 1524 1608 1610 a
1632 1451 1953 1643 porssmra
1968 1524 2069 1611 uas

633 1684 887 1773 uomuo
932 1685 1087 1770 cuum
1128 1684 1378 1770 accusuu
1420 1685 1520 1770 uer
1563 1682 1585 1727 ⁴⁶
1628 1682 1934 1770 Puocassuu
1976 1683 2070 1769 suu

635 1845 760 1932 uum
785 1844 808 1889 ⁴⁶
833 1843 931 1932 rut
955 1841 1254 1929 uumruu

543 2063 717 2270 Qum
745 2161 923 2223 statutum
948 2161 1004 2223 est
1032 2143 1133 2247 quod
1163 2143 1193 2223 si
1217 2142 1337 2247 aliqua
1356 2169 1514 2248 persona
1532 2162 1700 2224 accusata
1727 2143 1787 2224 uel
1814 2143 1999 2249 inculpata
2027 2144 2073 2224 de

477 2301 603 2407 aliquo
630 2301 652 2341 ³*
679 2301 779 2382 facto
806 2329 856 2393 re,
873 2299 937 2393 uel
961 2300 983 2340 ³*
1010 2299 1197 2382 maleficio
1224 2301 1376 2407 pecierit
1403 2329 1424 2381 a
1450 2320 1635 2406 potestate
1663 2301 1724 2381 uel
1750 2301 1772 2341 ³*
1798 2303 1947 2410 notario
1976 2303 2074 2382 curie

477 2462 545 2541 sibi
574 2436 652 2540 dari
678 2487 743 2565 per
772 2458 986 2565 exemplum
1014 2486 1184 2540 accusam
1211 2458 1272 2539 uel
1299 2459 1320 2500 ³*
1347 2487 1563 2565 processum
1591 2480 1720 2541 contra
1747 2461 1865 2565 ipsam
1892 2460 1913 2501 ³*
1940 2459 2074 2541 factam

479 2618 539 2700 uel
568 2616 661 2699 infra
688 2638 763 2699 tres
792 2618 872 2699 dies
899 2646 920 2698 a
948 2618 1008 2698 die
1027 2645 1099 2724 qua
1117 2620 1327 2724 assignatus
1345 2618 1432 2699 inde
1451 2618 1558 2698 fuerit
1577 2619 1610 2699 ei
1629 2620 1810 2699 terminus
1832 2617 2076 2700 deffensionis

423 2890 427 2898 1
479 2777 643 2884 predicta
671 2803 830 2881 persona
862 2795 1060 2881 postquam
1086 2778 1256 2857 ‘habuerit
1292 2778 1440 2883 copiam
1476 2804 1606 2857 accuse
1634 2776 1694 2857 uel
1720 2803 1917 2883 processus
1943 2777 2076 2857 habeat

480 2937 641 3041 spatium
669 2963 693 3013 x
722 2933 866 3015 dierum
894 2934 940 3015 ad
959 2931 1169 3016 faciendum
1196 2934 1284 3016 inde
1313 2937 1392 3015 eius
1418 2935 1440 2975 ³*
1467 2934 1739 3016 deffensionem
1769 2927 1807 3016 et
1824 2935 1925 3016 idem
1945 2934 2077 3015 intelli·
2173 2920 2175 2924 ⁵

481 3115 589 3201 gatur
617 3095 656 3174 in
684 3092 1005 3199 appellationibus,
1030 3093 1097 3200 (4)
1943 3063 1945 3067 Ι

482 3558 595 3865 DE
626 3635 983 3886 scuusuupus
1021 3635 1210 3723 RJANAS
1249 3634 1306 3720 IN
1344 3632 1499 3721 UlLLA
1540 3633 1868 3759 BAENNARUM
1912 3634 2075 3782 SUPER

547 4011 723 4220 fflreu
752 4115 932 4178 statutum
961 4115 1017 4177 est
1049 4096 1150 4201 quod
1182 4096 1346 4202 quelibet
1372 4125 1532 4202 persona
1568 4126 1639 4203 que
1677 4067 1895 4180 sctirauerit
1910 4066 1971 4229 uel
1991 4127 2078 4214 scu-

485 4257 555 4336 rari
583 4257 708 4336 lecerit
736 4254 897 4361 aliquam
935 4255 1076 4335 rianam
1118 4255 1157 4334 in
1198 4254 1287 4335 uilla
1328 4257 1554 4336 baemrarum
1591 4284 1699 4362 super
1730 4258 1883 4338 comuni
1909 4274 2081 4353 tenemur

485 4415 603 4495 lacere
631 4413 737 4493 tolli
731 4432 780 4493 et
807 4413 966 4518 aportari
995 4412 1136 4493 dictum
1177 4412 1323 4494 leamen
1356 4441 1420 4494 seu
1459 4413 1593 4494 fimum
1630 4415 1731 4520 quod
1759 4416 1805 4496 de
1842 4406 1941 4498 dicta
1976 4420 2078 4499 tiana
2168 4443 2171 4448 ’
2282 4416 2288 4426 ’

487 4573 684 4653 extraxerit
669 4571 771 4652 tuel
801 4572 941 4652 extrahi
969 4570 1097 4652 fecerit
1124 4571 1216 4652 infra
1230 4601 1286 4656 xv
1294 4572 1374 4654 dies
1401 4590 1599 4678 postquam
1632 4575 1754 4679 ipsum
1783 4578 1980 4657 extraxerit
1965 4580 2076 4658 tsub

485 4759 581 4838 pena
608 4730 816 4813 solidorum
844 4757 882 4811 ru
909 4757 977 4836 pro
992 4730 1166 4836 ,qualibet
1193 4758 1350 4836 persona
1378 4734 1530 4837 quocies
1557 4733 1822 4815 contrafecerit.
1844 4754 1880 4815 et
1899 4764 1994 4842 pena
2019 4764 2077 4817 so·

486 4892 563 4972 luta
590 4890 899 4970 nichilominust
884 4908 1051 4970 teneatur
1086 4889 1240 4970 aufferre
1267 4891 1409 4971 dictum
1451 4892 1596 4972 fimum.
1640 4895 1686 4972 Et
1727 4893 1889 4998 quelibet
1916 4924 2077 5001 persona
2136 5003 2139 5010 Ι

485 5051 605 5157 possit
633 5049 719 5129 inde
747 5075 938 5163 accusare.
959 5067 1007 5139 et
1024 5048 1058 5138 ei
1085 5049 1268 5145 iurament
1270 5078 1295 5184 o
1253 5050 1492 5172 tcredatur·
1518 5071 1584 5136 et
1598 5052 1730 5153 habeat
1715 5052 1905 5135 ttertiam
1916 5029 2094 5207 partem
2136 5016 2139 5022 ¹

486 5209 677 5288 barmit
640 5225 677 5287 et
703 5226 869 5288 teneatur
896 5208 1047 5312 priuata.
1077 5227 1114 5288 et
1141 5177 1307 5314 potestas
1332 5212 1451 5315 possit
1478 5167 1602 5291 inde
1592 5180 1831 5316 inquirere.
2066 5308 2068 5314 s

1923 5386 2002 5443 t

1926 5493 1948 5545 r*
1967 5511 1985 5542 4
2018 5520 2025 5530 .
