4800 6698
931 305 934 308 ⁴
1047 253 1170 354 XCI

122 662 193 763 382
317 613 467 782 QUOD
486 692 583 745 NIHIL
602 692 723 744 DETUR
743 691 948 744 OBLIGETUR
968 691 1014 744 DE
1033 692 1138 745 BONIS
1156 692 1317 746 COMUNIS
1336 693 1573 754 BAENNARUM·.

293 1014 295 1017 ·
383 875 542 1076 Qum
567 1012 716 1058 statutum
743 1013 789 1059 est
814 992 899 1080 quod
924 1016 988 1058 non
1013 995 1113 1080 possit
1137 996 1212 1080 poni
1236 997 1267 1059 in
1292 993 1446 1059 conscilio
1464 1018 1522 1059 nec
1539 993 1677 1060 ordinari
1701 996 1787 1083 quod
1803 996 1906 1083 aliqua

316 1133 419 1220 baylia
444 1135 535 1199 detur
558 1133 712 1220 aliquibus
737 1132 939 1220 sapientibus.
969 1132 1054 1219 quod
1079 1133 1158 1198 nihil
1192 1132 1283 1199 detur
1309 1127 1474 1221 'obligetur
1496 1134 1534 1200 de
1559 1134 1652 1201 bonis
1676 1139 1824 1202 comunis
1847 1159 1905 1223 nec

315 1275 453 1342 ordinari
478 1276 510 1341 in
534 1275 688 1341 conscilio
713 1297 795 1340 nunc
821 1273 976 1340 ordinato.
1002 1275 1062 1339 nisi
1094 1274 1155 1340 hoc
1183 1274 1271 1341 fieret
1301 1277 1334 1340 in
1369 1277 1522 1342 conscilio
1550 1275 1588 1342 de
1612 1279 1713 1364 capite
1737 1276 1852 1343 domus
1876 1297 1906 1343 et

315 1415 405 1503 quod
427 1416 614 1482 conscilium
639 1415 678 1482 de
702 1417 804 1502 capite
828 1417 943 1481 domus
968 1434 1106 1502 potestas
1130 1435 1273 1482 teneatur
1298 1416 1398 1482 Iacere
1428 1416 1496 1484 lieri
1520 1437 1550 1483 et
1574 1421 1760 1505 congregari
1784 1422 1906 1486 tociens

315 1559 468 1643 quociens
494 1556 587 1622 fuerit
612 1557 778 1644 requisitus
802 1579 858 1643 per
881 1579 935 1621 sex
960 1557 1109 1621 homines
1133 1557 1171 1622 de
1195 1560 1355 1623 societate.

318 1969 467 2138 QUOD
487 2047 668 2105 POTESTAS
691 2048 768 2100 NON
789 2048 909 2102 POSSIT
928 2049 1070 2103 DUCERE
1090 2050 1254 2112 ALIQUEM
1275 2050 1451 2103 FAMULUM
1472 2050 1536 2114 QUI
1555 2051 1610 2103 SIT
1630 2051 1818 2122 BANNITUS.

383 2233 717 2432 QTEMstatutum
742 2368 788 2416 est
812 2349 897 2438 quod
920 2368 1059 2437 potestas
1084 2351 1137 2435 qui
1161 2348 1310 2436 deinceps
1334 2352 1456 2416 uenerit
1480 2353 1511 2416 in
1528 2352 1696 2438 potestaria
1714 2349 1904 2416 baennarum

317 2510 459 2558 teneatur
476 2490 532 2556 sub
550 2487 677 2556 uinculo
701 2492 871 2555 iuramenti
888 2508 918 2556 et
935 2512 999 2555 non
1024 2491 1124 2576 possit
1148 2488 1261 2554 ducere
1277 2487 1413 2576 aliquem
1440 2489 1592 2555 famulum
1609 2492 1662 2577 qui
1679 2492 1719 2556 sit
1736 2491 1906 2555 forensitus

319 2632 368 2698 uel
393 2631 515 2697 banit'us
539 2652 620 2697 terre
645 2631 683 2698 de
707 2655 767 2718 qua
791 2630 884 2696 fuerit
908 2650 938 2696 et
961 2631 1022 2696 hoc
1048 2654 1114 2696 non
1138 2632 1238 2718 possit
1264 2633 1421 2696 remoueri
1449 2630 1604 2697 conscilio
1639 2631 1689 2697 uel
1721 2631 1791 2697 alio'
1808 2632 1907 2699 modo

318 2793 348 2841 et
372 2776 398 2839 si
422 2773 559 2861 aliquam
585 2796 752 2860 personam
778 2772 878 2838 dictus
902 2771 972 2838 talis
997 2771 1132 2836 famulus
1156 2791 1315 2836 accusaret
1338 2771 1440 2858 aliqua
1465 2774 1633 2838 occasione
1649 2772 1731 2839 dicta
1748 2773 1818 2840 talis
1840 2797 1908 2860 per-

317 2938 395 2980 sona
420 2932 561 2980 accusata
586 2936 650 2979 non
674 2931 817 2979 teneatur
841 2912 964 2978 soluere
989 2911 1117 2998 aliquod
1142 2911 1281 2978 bannum
1306 2935 1362 2978 seu
1386 2912 1564 2978 emendam.

319 3309 433 3473 (DE
457 3400 556 3453 PENIS
580 3399 625 3452 ET
650 3399 778 3453 BANNIS
801 3399 998 3453 SOLUENDIS
1026 3401 1050 3453 Α
1076 3399 1243 3453 PERSONIS
1268 3399 1399 3453 DUCTIS
1423 3400 1458 3452 IN
1484 3399 1654 3453 CASTRUN
1679 3400 1777 3454 IUSSU
1801 3399 1909 3453 POTE·

477 3531 603 3585 STATIS
623 3531 697 3594 QUE
717 3532 802 3585 INDE
823 3483 1022 3648 EXIRENT).
1041 3535 1052 3599 (
1073 3536 1083 3597 )

465 3760 478 3813 d

386 3712 545 3915 &grum
570 3849 720 3897 statutum
745 3851 791 3895 est
815 3830 901 3917 quod
925 3833 951 3896 si
975 3849 1114 3918 potestas
1139 3830 1188 3895 uel
1222 3832 1287 3894 eius
1323 3829 1430 3896 locum
1465 3848 1576 3895 tenens
1612 3829 1736 3896 duxerit
1760 3830 1809 3895 uel
1833 3829 1905 3896 duci

319 3971 425 4038 fecerit
450 3971 586 4059 aliquam
611 3993 778 4058 personam
804 3970 842 4035 de
867 3969 997 4036 baennis
1022 3972 1053 4035 in
1077 3988 1180 4035 castro
1204 3968 1396 4035 baennarum
1431 3971 1603 4035 occarione
1634 3969 1812 4056 aliquorum
1837 3970 1908 4036 ban·
1962 4020 1964 4024 -

319 4135 433 4178 norum
459 4111 509 4178 uel
534 4113 707 4178 occaxione
731 4111 861 4176 alicuius
883 4113 927 4176 rei
943 4110 1028 4197 quod
1052 4110 1127 4176 dare
1151 4128 1308 4176 teneretur
1331 4109 1424 4176 alicui
1448 4110 1536 4176 alteri
1560 4132 1695 4197 persone
1717 4109 1802 4196 quod
1826 4110 1907 4176 dicta

320 4275 454 4341 persona
480 4272 647 4340 postquam
671 4253 766 4318 fuerit
790 4254 821 4317 in
846 4271 983 4318 castrum
1008 4250 1184 4338 predictum
1220 4253 1246 4316 si
1282 4253 1381 4317 exiret
1415 4250 1536 4317 dictum
1560 4269 1697 4317 castrum
1723 4273 1777 4338 per
1801 4271 1908 4338 portas

319 4394 370 4461 uel
394 4417 449 4482 per
473 4395 569 4461 alium
593 4394 699 4461 locum
732 4393 837 4460 solum
868 4393 953 4481 quod
987 4415 1052 4460 non
1086 4393 1206 4481 frangat
1238 4392 1364 4479 aliquod
1397 4415 1525 4458 murum
1560 4391 1662 4457 soluat
1690 4415 1748 4480 pro
1775 4415 1853 4479 pena
1877 4412 1907 4459 et

320 4535 425 4602 banno
449 4537 512 4624 pro
532 4535 672 4622 quolibet
696 4552 726 4600 et
750 4532 888 4622 qualibet
920 4536 989 4599 uice
1021 4532 1141 4599 solidos
1177 4558 1217 4598 xx
1252 4552 1391 4599 astenses
1419 4551 1450 4598 et
1473 4534 1500 4598 si
1524 4532 1681 4622 frangeret
1705 4556 1832 4599 murum
1857 4533 1905 4599 uel

319 4698 443 4766 portam
467 4677 601 4743 exiendo
625 4677 663 4742 de
686 4676 773 4742 dicto
797 4695 900 4740 castro
924 4674 1025 4740 soluat
1050 4699 1107 4762 pro
1131 4674 1235 4740 banno
1259 4673 1352 4741 libras
1377 4674 1488 4740 decem
1512 4692 1659 4739 astenses.
