4800 6696
1013 211 1086 311 ΙΠ

262 518 387 620 etqui
415 514 693 596 contrafecerit
731 516 851 597 soluat
878 545 945 621 pro
973 544 1067 621 pena
1095 516 1237 596 solidos
1264 544 1289 596 v
1317 519 1346 597 si
1375 515 1555 597 audiuerit
1586 517 1723 598 dictam
1759 519 1844 598 cria·

261 672 390 753 loram.
420 693 457 753 et
484 674 545 777 qui
575 702 651 754 non
680 692 825 754 secutus
866 673 973 754 fuerit
1012 692 1237 779 potestatem
1265 673 1324 754 uel
1353 673 1539 755 bandelias
1566 675 1633 781 (1)
1660 674 1706 755 ad
1742 676 1847 755 crias-

261 829 369 911 foras.
397 829 457 910 uel
486 832 517 910 si
545 830 589 910 ab
619 832 671 910 eis
699 857 737 910 se
766 832 984 935 separauerit
1008 832 1208 911 substineat
1233 831 1404 912 eamdem
1424 828 1569 937 penam.
1608 831 1712 912 saluo
1744 834 1845 938 quod

261 987 425 1068 credatur
454 988 602 1069 cuilibet
630 1016 785 1093 persone
805 988 890 1068 inde
910 989 1090 1095 inculpate
1110 990 1188 1069 eius
1207 991 1415 1069 iuramento
1439 989 1524 1070 inde
1552 990 1684 1070 habere
1713 992 1751 1070 in
1769 1019 1846 1096 per-

262 1172 352 1225 sona
380 1147 528 1225 iustum.
548 1145 873 1250 impedimentum:

263 1568 340 1692 DE
358 1636 436 1692 NON
455 1637 579 1693 EUNDO
597 1639 663 1693 PER
682 1639 817 1694 UlLLAM
835 1639 925 1694 POST
945 1639 1112 1694 ULTlMAM
1131 1639 1345 1697 CAMPANAM.

378 1891 415 1946 ur
468 1938 471 1943 .

328 1904 410 2066 *f‘ssilb
424 1996 501 2050 reu
530 1988 707 2050 statutum
749 1989 804 2049 est
845 1970 946 2074 quod
980 1971 1009 2048 si
1038 1969 1169 2074 aliquis
1197 1971 1302 2049 iuerit
1330 1997 1393 2074 per
1421 1969 1548 2049 uillam
1581 1970 1641 2049 uel
1669 1997 1732 2074 per
1767 1971 1846 2083 uias

258 2126 421 2230 publicas
446 2146 533 2232 post
559 2154 775 2232 campanam
802 2126 971 2207 ultimam
1005 2154 1120 2232 usque
1154 2126 1199 2206 ad
1229 2154 1444 2231 campanam
1472 2128 1734 2207 matutinarum
1767 2128 1845 2206 sine
1912 2223 1913 2226 p

172 2286 175 2290 ’
259 2284 410 2389 lumine.
440 2283 499 2363 uel
527 2283 613 2365 foco
647 2286 717 2364 nisi
750 2303 919 2389 pergeret
945 2285 991 2364 ad
1020 2283 1168 2363 furnum
1208 2283 1268 2363 uel
1310 2283 1569 2364 molendinum
1609 2283 1669 2364 uel
1704 2284 1845 2363 ueniret

259 2440 356 2522 inde.
386 2440 446 2521 uel
478 2443 547 2521 nisi
586 2462 682 2523 esset
709 2443 809 2522 iuxta
838 2441 996 2521 domum
1023 2441 1083 2520 uel
1112 2427 1250 2520 curiam
1292 2467 1396 2520 suam
1429 2468 1492 2544 per
1519 2459 1593 2521 tres
1625 2441 1762 2520 domos
1794 2442 1845 2520 ui-

259 2599 360 2679 nales
387 2600 432 2679 ab
460 2619 610 2704 utraque
643 2619 742 2704 parte
779 2601 848 2679 uie.
883 2600 1003 2679 soluat
1037 2626 1103 2703 pro
1132 2625 1225 2703 pena
1262 2598 1598 2703 quocienscumque
1631 2596 1755 2677 fecerit
1788 2624 1845 2678 so·

259 2755 376 2838 lidum
404 2760 419 2836 l
447 2759 517 2837 nisi
546 2777 667 2837 essent
696 2757 905 2837 sacerdotes
933 2756 992 2836 uel
1020 2756 1131 2860 aliqui
1159 2756 1283 2835 nuncii
1311 2757 1374 2860 qui
1394 2783 1459 2835 eos
1482 2775 1658 2860 peterent.
1685 2756 1745 2835 uel
1775 2757 1855 2845 nisi

167 2944 170 2949 ·
259 2935 381 2995 essent
409 2913 455 2994 de
484 2914 629 2994 licentia
657 2915 860 3018 potestatis.
879 2912 950 2993 -uel
978 2915 1047 2993 nisi
1077 2913 1226 2993 duceret
1251 2913 1370 2992 boues
1398 2913 1544 2992 iunctos
1572 2913 1631 2993 uel
1664 2914 1753 2994 alias
1785 2915 1845 2994 be-

260 3074 358 3152 stias
396 3071 455 3152 uel
493 3073 563 3151 nisi
605 3073 672 3152 iret
713 3098 820 3151 causa
863 3071 1029 3151 strimite.
1064 3070 1131 3178 (2)
1168 3072 1240 3150 hoc
1274 3069 1462 3151 intellecto
1499 3070 1600 3175 quod
1637 3090 1732 3151 tecta
1760 3063 1845 3152 ¹non

259 3249 519 3334 computentur
546 3256 613 3333 pro
642 3228 840 3309 domibus:
884 3247 922 3312 Et
945 3245 1033 3312 saluo
1056 3248 1084 3312 si
1107 3245 1249 3312 habuerit
1272 3244 1357 3311 aliud
1379 3247 1498 3311 iustum
1522 3245 1787 3333 impedimentum
1815 3264 1844 3313 et

259 3388 297 3454 de
321 3388 382 3454 hoc
406 3387 550 3455 credatur
572 3385 699 3454 cuilibet
722 3389 910 3455 iuramento.

265 3764 374 3929 DE
401 3846 588 3928 BANNIS
615 3846 956 3942 REQUIRENDIS
985 3848 1078 3928 PER
1109 3848 1459 3928 POTESTATEM
1497 3876 1549 3928 er
1568 3875 1737 3930 reburro
1756 3875 1849 3940 uera:

400 4010 606 4064 FENSIONIS.

329 4252 499 4453 &Teu
526 4361 691 4422 teneatur
718 4362 882 4447 potestas
902 4340 986 4421 dare
1015 4369 1080 4422 seu
1108 4342 1184 4421 dari
1203 4344 1318 4422 lacere
1338 4341 1609 4421 deffensionem
1637 4340 1843 4421 bannorum

259 4501 420 4604 exceptis
448 4500 494 4580 de
523 4499 712 4580 maleficiis
739 4500 832 4581 infra
859 4520 933 4579 tres
960 4500 1039 4579 dies
1061 4518 1147 4604 post
1169 4499 1422 4579 accusationes
1449 4498 1560 4579 lactas
1592 4536 1621 4583 et
1656 4516 1746 4583 aliter
1777 4539 1842 4583 non

258 4661 358 4746 possit
380 4657 485 4725 ualere
513 4681 632 4725 accusa.
657 4659 702 4736 Et
730 4657 802 4737 hoc
832 4657 1057 4762 intelligatur
1094 4656 1139 4736 de
1176 4656 1248 4736 illis
1281 4658 1344 4760 qui
1378 4675 1531 4736 manent
1558 4657 1595 4735 in
1623 4657 1709 4736 uilla
1738 4655 1843 4737 baen-

171 4829 172 4833 '
259 4843 390 4896 narum
418 4834 454 4895 et
482 4842 559 4896 non
587 4815 632 4895 de
661 4815 752 4895 aliis.
782 4815 848 4920 (3)
1222 4833 1258 4894 et
1286 4814 1387 4918 quod
1407 4813 1452 4894 de
1472 4814 1647 4894 omnibus
1675 4817 1843 4918 personis

259 4976 440 5055 extraneis
467 4975 644 5054 accusatis
672 4974 717 5053 de
746 4973 819 5052 fine
839 4974 1064 5053 baennarum
1083 4974 1199 5077 possit
1218 4973 1294 5053 dari
1314 4971 1496 5052 deffensio
1523 4999 1586 5076 per
1613 4992 1841 5052 accusatores

259 5134 431 5234 mmmm.
