<?xml version="1.0" encoding="UTF-8"?>
<!DOCTYPE html PUBLIC "-//W3C//DTD XHTML 1.0 Transitional//EN"
    "http://www.w3.org/TR/xhtml1/DTD/xhtml1-transitional.dtd">
<html xmlns="http://www.w3.org/1999/xhtml" xml:lang="en" lang="en">
 <head>
  <title>
</title>
<meta http-equiv="Content-Type" content="text/html;charset=utf-8" />
  <meta name='ocr-system' content='tesseract 3.04.00' />
  <meta name='ocr-capabilities' content='ocr_page ocr_carea ocr_par ocr_line ocrx_word'/>
</head>
<body>
  <div class='ocr_page' id='page_1' title='image "./capitulaetstatu00assagoog_0136.png"; bbox 0 0 4800 6698; ppageno 0'>
   <div class='ocr_carea' id='block_1_1' title="bbox 316 578 2100 898">
    <p class='ocr_par' dir='ltr' id='par_1_1' title="bbox 316 578 2100 898">
     <span class='ocr_line' id='line_1_1' title="bbox 316 578 2100 750; baseline 0.004 -23"><span class='ocrx_word' id='word_1_1' title='bbox 316 652 390 729; x_wconf 88' lang='lat'>262</span> <span class='ocrx_word' id='word_1_2' title='bbox 515 578 627 745; x_wconf 80' lang='lat' dir='ltr'>DE</span> <span class='ocrx_word' id='word_1_3' title='bbox 655 655 911 741; x_wconf 87' lang='lat' dir='ltr'>CANNABO</span> <span class='ocrx_word' id='word_1_4' title='bbox 951 652 1205 737; x_wconf 87' lang='lat' dir='ltr'>BATENDO</span> <span class='ocrx_word' id='word_1_5' title='bbox 1233 652 1305 735; x_wconf 91' lang='lat' dir='ltr'>AD</span> <span class='ocrx_word' id='word_1_6' title='bbox 1333 653 1708 737; x_wconf 88' lang='lat' dir='ltr'>BATENDERIUM</span> <span class='ocrx_word' id='word_1_7' title='bbox 1734 652 1829 737; x_wconf 91' lang='lat' dir='ltr'>PER</span> <span class='ocrx_word' id='word_1_8' title='bbox 1857 651 2100 750; x_wconf 88' lang='lat' dir='ltr'><strong>ALIQUEM</strong></span> 
     </span>
     <span class='ocr_line' id='line_1_2' title="bbox 671 814 989 898; baseline -0.006 -1"><span class='ocrx_word' id='word_1_9' title='bbox 671 816 739 898; x_wconf 89' lang='lat' dir='ltr'>DE</span> <span class='ocrx_word' id='word_1_10' title='bbox 765 814 989 898; x_wconf 86' lang='lat' dir='ltr'>FAMlLIA.</span> 
     </span>
    </p>
   </div>
   <div class='ocr_carea' id='block_1_2' title="bbox 513 1032 2105 1863">
    <p class='ocr_par' dir='ltr' id='par_1_2' title="bbox 513 1032 2105 1863">
     <span class='ocr_line' id='line_1_3' title="bbox 579 1032 2102 1237; baseline 0.001 -34"><span class='ocrx_word' id='word_1_11' title='bbox 579 1032 754 1237; x_wconf 52' lang='lat' dir='ltr'>Quart</span> <span class='ocrx_word' id='word_1_12' title='bbox 783 1141 961 1203; x_wconf 88' lang='lat' dir='ltr'>statutum</span> <span class='ocrx_word' id='word_1_13' title='bbox 995 1141 1051 1202; x_wconf 93' lang='lat' dir='ltr'>est</span> <span class='ocrx_word' id='word_1_14' title='bbox 1087 1122 1188 1228; x_wconf 90' lang='lat' dir='ltr'>quod</span> <span class='ocrx_word' id='word_1_15' title='bbox 1217 1122 1324 1203; x_wconf 87' lang='lat' dir='ltr'>liceat</span> <span class='ocrx_word' id='word_1_16' title='bbox 1366 1122 1514 1203; x_wconf 88' lang='lat' dir='ltr'>cuilibet</span> <span class='ocrx_word' id='word_1_17' title='bbox 1545 1148 1703 1227; x_wconf 90' lang='lat' dir='ltr'>persone</span> <span class='ocrx_word' id='word_1_18' title='bbox 1733 1125 1958 1205; x_wconf 88' lang='lat' dir='ltr'>baennarum</span> <span class='ocrx_word' id='word_1_19' title='bbox 1986 1123 2102 1205; x_wconf 83' lang='lat' dir='ltr'>facere</span> 
     </span>
     <span class='ocr_line' id='line_1_4' title="bbox 513 1280 2103 1388; baseline 0.001 -28"><span class='ocrx_word' id='word_1_20' title='bbox 513 1285 637 1361; x_wconf 86' lang='lat' dir='ltr'>batere</span> <span class='ocrx_word' id='word_1_21' title='bbox 667 1301 703 1361; x_wconf 88' lang='lat' dir='ltr'>et</span> <span class='ocrx_word' id='word_1_22' title='bbox 731 1283 845 1386; x_wconf 87' lang='lat' dir='ltr'>aptari</span> <span class='ocrx_word' id='word_1_23' title='bbox 874 1308 982 1361; x_wconf 88' lang='lat' dir='ltr'>suum</span> <span class='ocrx_word' id='word_1_24' title='bbox 1012 1283 1192 1361; x_wconf 90' lang='lat' dir='ltr'>canaburn</span> <span class='ocrx_word' id='word_1_25' title='bbox 1219 1281 1265 1360; x_wconf 87' lang='lat' dir='ltr'>ad</span> <span class='ocrx_word' id='word_1_26' title='bbox 1293 1280 1550 1361; x_wconf 88' lang='lat' dir='ltr'>batenderium</span> <span class='ocrx_word' id='word_1_27' title='bbox 1578 1282 1816 1362; x_wconf 88' lang='lat' dir='ltr'>baennarum.</span> <span class='ocrx_word' id='word_1_28' title='bbox 1849 1310 1913 1388; x_wconf 89' lang='lat' dir='ltr'>per</span> <span class='ocrx_word' id='word_1_29' title='bbox 1942 1282 2103 1387; x_wconf 87' lang='lat' dir='ltr'>aliquem</span> 
     </span>
     <span class='ocr_line' id='line_1_5' title="bbox 513 1437 2104 1545; baseline 0.001 -26"><span class='ocrx_word' id='word_1_30' title='bbox 513 1439 560 1519; x_wconf 95' lang='lat' dir='ltr'>de</span> <span class='ocrx_word' id='word_1_31' title='bbox 588 1437 725 1519; x_wconf 84' lang='lat' dir='ltr'>familia</span> <span class='ocrx_word' id='word_1_32' title='bbox 753 1467 829 1520; x_wconf 91' lang='lat' dir='ltr'>sua.</span> <span class='ocrx_word' id='word_1_33' title='bbox 859 1439 920 1519; x_wconf 92' lang='lat' dir='ltr'>uel</span> <span class='ocrx_word' id='word_1_34' title='bbox 948 1439 1062 1519; x_wconf 86' lang='lat' dir='ltr'>alium</span> <span class='ocrx_word' id='word_1_35' title='bbox 1090 1465 1202 1544; x_wconf 87' lang='lat' dir='ltr'>quem</span> <span class='ocrx_word' id='word_1_36' title='bbox 1243 1438 1414 1518; x_wconf 87' lang='lat' dir='ltr'>uoluerit.</span> <span class='ocrx_word' id='word_1_37' title='bbox 1453 1440 1546 1519; x_wconf 91' lang='lat' dir='ltr'>sicut</span> <span class='ocrx_word' id='word_1_38' title='bbox 1588 1438 1741 1519; x_wconf 90' lang='lat' dir='ltr'>solitum</span> <span class='ocrx_word' id='word_1_39' title='bbox 1783 1459 1849 1521; x_wconf 90' lang='lat' dir='ltr'>est.</span> <span class='ocrx_word' id='word_1_40' title='bbox 1881 1468 1926 1520; x_wconf 86' lang='lat' dir='ltr'>ex</span> <span class='ocrx_word' id='word_1_41' title='bbox 1954 1442 2104 1545; x_wconf 88' lang='lat' dir='ltr'>antiqua</span> 
     </span>
     <span class='ocr_line' id='line_1_6' title="bbox 515 1586 2105 1705; baseline 0.004 -29"><span class='ocrx_word' id='word_1_42' title='bbox 515 1596 783 1677; x_wconf 89' lang='lat' dir='ltr'>consuetudine</span> <span class='ocrx_word' id='word_1_43' title='bbox 825 1598 1023 1702; x_wconf 87' lang='lat' dir='ltr'>approbata</span> <span class='ocrx_word' id='word_1_44' title='bbox 1051 1598 1089 1676; x_wconf 93' lang='lat' dir='ltr'>in</span> <span class='ocrx_word' id='word_1_45' title='bbox 1116 1596 1281 1676; x_wconf 87' lang='lat' dir='ltr'>baennis.</span> <span class='ocrx_word' id='word_1_46' title='bbox 1310 1614 1411 1682; x_wconf 85' lang='lat' dir='ltr'>silicet</span> <span class='ocrx_word' id='word_1_47' title='bbox 1434 1613 1473 1680; x_wconf 87' lang='lat' dir='ltr'>ad</span> <span class='ocrx_word' id='word_1_48' title='bbox 1497 1614 1714 1682; x_wconf 88' lang='lat' dir='ltr'>batenderium</span> <span class='ocrx_word' id='word_1_49' title='bbox 1738 1586 1935 1704; x_wconf 77' lang='lat' dir='ltr'>superiorem</span> <span class='ocrx_word' id='word_1_50' title='bbox 1962 1633 1993 1683; x_wconf 88' lang='lat' dir='ltr'>et</span> <span class='ocrx_word' id='word_1_51' title='bbox 2019 1615 2105 1705; x_wconf 91' lang='lat' dir='ltr'>quod</span> 
     </span>
     <span class='ocr_line' id='line_1_7' title="bbox 515 1772 2103 1863; baseline 0.002 -24"><span class='ocrx_word' id='word_1_52' title='bbox 515 1772 664 1841; x_wconf 88' lang='lat' dir='ltr'>dominus</span> <span class='ocrx_word' id='word_1_53' title='bbox 688 1791 827 1863; x_wconf 86' lang='lat' dir='ltr'>potestas</span> <span class='ocrx_word' id='word_1_54' title='bbox 850 1791 994 1840; x_wconf 90' lang='lat' dir='ltr'>teneatur</span> <span class='ocrx_word' id='word_1_55' title='bbox 1015 1773 1144 1840; x_wconf 86' lang='lat' dir='ltr'>uinculo</span> <span class='ocrx_word' id='word_1_56' title='bbox 1168 1775 1337 1840; x_wconf 88' lang='lat' dir='ltr'>iuramenti</span> <span class='ocrx_word' id='word_1_57' title='bbox 1361 1772 1462 1840; x_wconf 86' lang='lat' dir='ltr'>facere</span> <span class='ocrx_word' id='word_1_58' title='bbox 1486 1773 1655 1840; x_wconf 88' lang='lat' dir='ltr'>obseruare</span> <span class='ocrx_word' id='word_1_59' title='bbox 1679 1796 1809 1862; x_wconf 89' lang='lat' dir='ltr'>presens</span> <span class='ocrx_word' id='word_1_60' title='bbox 1844 1773 2017 1862; x_wconf 88' lang='lat' dir='ltr'>capitulum</span> <span class='ocrx_word' id='word_1_61' title='bbox 2041 1774 2103 1842; x_wconf 86' lang='lat' dir='ltr'>illis</span> 
     </span>
    </p>
   </div>
   <div class='ocr_carea' id='block_1_3' title="bbox 515 1924 2104 2021">
    <p class='ocr_par' dir='ltr' id='par_1_3' title="bbox 515 1924 2104 2021">
     <span class='ocr_line' id='line_1_8' title="bbox 515 1924 2104 2021; baseline -0.002 -22"><span class='ocrx_word' id='word_1_62' title='bbox 515 1934 570 2021; x_wconf 92' lang='lat' dir='ltr'>qui</span> <span class='ocrx_word' id='word_1_63' title='bbox 593 1924 908 1999; x_wconf 43' lang='lat' dir='ltr'>tenent&#39;molandina</span> <span class='ocrx_word' id='word_1_64' title='bbox 932 1951 963 1999; x_wconf 88' lang='lat' dir='ltr'>et</span> <span class='ocrx_word' id='word_1_65' title='bbox 986 1931 1221 1999; x_wconf 71' lang='lat' dir='ltr'>batenderiaet</span> <span class='ocrx_word' id='word_1_66' title='bbox 1235 1933 1331 2019; x_wconf 87' lang='lat' dir='ltr'>ipsos</span> <span class='ocrx_word' id='word_1_67' title='bbox 1354 1930 1463 1998; x_wconf 81' lang='lat' dir='ltr'>facere</span> <span class='ocrx_word' id='word_1_68' title='bbox 1476 1933 1584 1998; x_wconf 36' lang='lat' dir='ltr'>&#39;iurare&#39;</span> <span class='ocrx_word' id='word_1_69' title='bbox 1598 1954 1672 1999; x_wconf 86' lang='lat' dir='ltr'>curn</span> <span class='ocrx_word' id='word_1_70' title='bbox 1695 1933 1748 1999; x_wconf 88' lang='lat' dir='ltr'>alii</span> <span class='ocrx_word' id='word_1_71' title='bbox 1773 1931 1924 1999; x_wconf 82' lang='lat' dir='ltr'>officiales</span> <span class='ocrx_word' id='word_1_72' title='bbox 1947 1931 2104 1999; x_wconf 83' lang='lat' dir='ltr'>iurabunt.</span> 
     </span>
    </p>
   </div>
   <div class='ocr_carea' id='block_1_4' title="bbox 517 2365 2107 2686">
    <p class='ocr_par' dir='ltr' id='par_1_4' title="bbox 517 2365 2107 2686">
     <span class='ocr_line' id='line_1_9' title="bbox 517 2365 2107 2550; baseline -0.013 -17"><span class='ocrx_word' id='word_1_73' title='bbox 517 2365 630 2532; x_wconf 74' lang='lat' dir='ltr'>Dr</span> <span class='ocrx_word' id='word_1_74' title='bbox 656 2443 835 2528; x_wconf 81' lang='lat' dir='ltr'>PRATIS</span> <span class='ocrx_word' id='word_1_75' title='bbox 862 2444 1073 2528; x_wconf 78' lang='lat' dir='ltr'>uuoue</span> <span class='ocrx_word' id='word_1_76' title='bbox 1108 2443 1175 2550; x_wconf 89' lang='lat'>(1)</span> <span class='ocrx_word' id='word_1_77' title='bbox 1203 2440 1312 2539; x_wconf 72' lang='lat' dir='ltr'>Qut</span> <span class='ocrx_word' id='word_1_78' title='bbox 1339 2438 1509 2522; x_wconf 79' lang='lat' dir='ltr'>sreur</span> <span class='ocrx_word' id='word_1_79' title='bbox 1536 2437 1773 2520; x_wconf 76' lang='grc' dir='ltr'>ΒΑΝΝΙΤΑ</span> <span class='ocrx_word' id='word_1_80' title='bbox 1799 2434 1956 2518; x_wconf 69' lang='lat' dir='ltr'>rurus</span> <span class='ocrx_word' id='word_1_81' title='bbox 1974 2433 2107 2515; x_wconf 79' lang='lat' dir='ltr'>cou-</span> 
     </span>
     <span class='ocr_line' id='line_1_10' title="bbox 673 2603 1142 2686; baseline -0.011 0"><span class='ocrx_word' id='word_1_82' title='bbox 673 2603 829 2686; x_wconf 75' lang='lat' dir='ltr'>uues.</span> <span class='ocrx_word' id='word_1_83' title='bbox 1139 2604 1142 2611; x_wconf 91' lang='lat'><em>·</em></span> 
     </span>
    </p>
   </div>
   <div class='ocr_carea' id='block_1_5' title="bbox 594 2836 2109 3016">
    <p class='ocr_par' dir='ltr' id='par_1_5' title="bbox 594 2836 2109 3016">
     <span class='ocr_line' id='line_1_11' title="bbox 596 2836 927 2887; baseline 0.018 -20"><span class='ocrx_word' id='word_1_84' title='bbox 596 2836 670 2887; x_wconf 46' lang='lat' dir='ltr'>m„</span> <span class='ocrx_word' id='word_1_85' title='bbox 925 2869 927 2873; x_wconf 13' lang='grc' dir='ltr'><em>Α</em></span> 
     </span>
     <span class='ocr_line' id='line_1_12' title="bbox 594 2850 2109 3016; baseline 0.004 -29"><span class='ocrx_word' id='word_1_86' title='bbox 594 2850 758 3008; x_wconf 53' lang='lat' dir='ltr'>lllxssrssu</span> <span class='ocrx_word' id='word_1_87' title='bbox 786 2930 965 2992; x_wconf 89' lang='lat' dir='ltr'>statutum</span> <span class='ocrx_word' id='word_1_88' title='bbox 994 2931 1049 2992; x_wconf 87' lang='lat' dir='ltr'>est</span> <span class='ocrx_word' id='word_1_89' title='bbox 1077 2912 1178 3016; x_wconf 93' lang='lat' dir='ltr'>quod</span> <span class='ocrx_word' id='word_1_90' title='bbox 1206 2931 1307 3016; x_wconf 87' lang='lat' dir='ltr'>prata</span> <span class='ocrx_word' id='word_1_91' title='bbox 1335 2913 1470 2992; x_wconf 88' lang='lat' dir='ltr'>riuoire</span> <span class='ocrx_word' id='word_1_92' title='bbox 1499 2911 1590 2992; x_wconf 82' lang='lat' dir='ltr'>infra</span> <span class='ocrx_word' id='word_1_93' title='bbox 1618 2913 1787 2994; x_wconf 85' lang='lat' dir='ltr'>confines</span> <span class='ocrx_word' id='word_1_94' title='bbox 1814 2914 1983 2994; x_wconf 89' lang='lat' dir='ltr'>ordinata</span> <span class='ocrx_word' id='word_1_95' title='bbox 2011 2930 2109 2995; x_wconf 90' lang='lat' dir='ltr'>stent</span> 
     </span>
    </p>
   </div>
   <div class='ocr_carea' id='block_1_6' title="bbox 520 2972 2111 3494">
    <p class='ocr_par' dir='ltr' id='par_1_6' title="bbox 520 2972 2111 3494">
     <span class='ocr_line' id='line_1_13' title="bbox 591 2972 604 3005; baseline 0 0"><span class='ocrx_word' id='word_1_96' title='bbox 591 2972 604 3005; x_wconf 59' lang='grc' dir='ltr'>ἶ</span> 
     </span>
     <span class='ocr_line' id='line_1_14' title="bbox 520 3070 2109 3183; baseline 0.003 -34"><span class='ocrx_word' id='word_1_97' title='bbox 520 3071 669 3150; x_wconf 87' lang='lat' dir='ltr'>bannita</span> <span class='ocrx_word' id='word_1_98' title='bbox 688 3097 803 3180; x_wconf 89' lang='lat' dir='ltr'>usque</span> <span class='ocrx_word' id='word_1_99' title='bbox 823 3070 868 3150; x_wconf 88' lang='lat' dir='ltr'>ad</span> <span class='ocrx_word' id='word_1_100' title='bbox 889 3088 1054 3183; x_wconf 72' lang='lat' dir='ltr'>sanetam</span> <span class='ocrx_word' id='word_1_101' title='bbox 1073 3070 1227 3164; x_wconf 87' lang='lat' dir='ltr'>mariam</span> <span class='ocrx_word' id='word_1_102' title='bbox 1247 3070 1387 3182; x_wconf 80' lang='lat' dir='ltr'>mensis</span> <span class='ocrx_word' id='word_1_103' title='bbox 1415 3070 1634 3181; x_wconf 84' lang='lat' dir='ltr'>septembris</span> <span class='ocrx_word' id='word_1_104' title='bbox 1662 3073 1825 3180; x_wconf 75' lang='lat' dir='ltr'>exceptis</span> <span class='ocrx_word' id='word_1_105' title='bbox 1847 3074 1965 3179; x_wconf 80' lang='lat' dir='ltr'>pratis</span> <span class='ocrx_word' id='word_1_106' title='bbox 1990 3074 2109 3182; x_wconf 13' lang='lat' dir='ltr'>&#39;sapui</span> 
     </span>
     <span class='ocr_line' id='line_1_15' title="bbox 520 3225 2111 3334; baseline 0.001 -26"><span class='ocrx_word' id='word_1_107' title='bbox 520 3229 649 3309; x_wconf 88' lang='lat' dir='ltr'>donati</span> <span class='ocrx_word' id='word_1_108' title='bbox 669 3246 706 3307; x_wconf 94' lang='lat' dir='ltr'>et</span> <span class='ocrx_word' id='word_1_109' title='bbox 723 3228 961 3332; x_wconf 86' lang='lat' dir='ltr'>pruyciorum</span> <span class='ocrx_word' id='word_1_110' title='bbox 983 3227 1044 3332; x_wconf 88' lang='lat'>(2)</span> <span class='ocrx_word' id='word_1_111' title='bbox 1065 3246 1101 3306; x_wconf 90' lang='lat' dir='ltr'>et</span> <span class='ocrx_word' id='word_1_112' title='bbox 1119 3226 1201 3307; x_wconf 88' lang='lat' dir='ltr'>aliis</span> <span class='ocrx_word' id='word_1_113' title='bbox 1228 3229 1340 3332; x_wconf 89' lang='lat' dir='ltr'>pratis</span> <span class='ocrx_word' id='word_1_114' title='bbox 1368 3225 1488 3307; x_wconf 92' lang='lat' dir='ltr'>solitis</span> <span class='ocrx_word' id='word_1_115' title='bbox 1513 3228 1715 3315; x_wconf 85' lang='lat' dir='ltr'>disbanniri</span> <span class='ocrx_word' id='word_1_116' title='bbox 1736 3248 1772 3309; x_wconf 93' lang='lat' dir='ltr'>et</span> <span class='ocrx_word' id='word_1_117' title='bbox 1790 3231 1881 3334; x_wconf 90' lang='lat' dir='ltr'>poni</span> <span class='ocrx_word' id='word_1_118' title='bbox 1902 3248 2004 3333; x_wconf 89' lang='lat' dir='ltr'>extra</span> <span class='ocrx_word' id='word_1_119' title='bbox 2021 3257 2111 3322; x_wconf 59' lang='lat' dir='ltr'>‚con-</span> 
     </span>
     <span class='ocr_line' id='line_1_16' title="bbox 520 3380 2110 3494; baseline 0 -29"><span class='ocrx_word' id='word_1_120' title='bbox 520 3385 615 3465; x_wconf 88' lang='lat' dir='ltr'>fines</span> <span class='ocrx_word' id='word_1_121' title='bbox 642 3412 713 3490; x_wconf 93' lang='lat' dir='ltr'>que</span> <span class='ocrx_word' id='word_1_122' title='bbox 741 3384 942 3464; x_wconf 89' lang='lat' dir='ltr'>disbanniri</span> <span class='ocrx_word' id='word_1_123' title='bbox 969 3385 1115 3488; x_wconf 86' lang='lat' dir='ltr'>possint</span> <span class='ocrx_word' id='word_1_124' title='bbox 1156 3385 1201 3464; x_wconf 90' lang='lat' dir='ltr'>ad</span> <span class='ocrx_word' id='word_1_125' title='bbox 1235 3384 1468 3465; x_wconf 88' lang='lat' dir='ltr'>uoluntatem</span> <span class='ocrx_word' id='word_1_126' title='bbox 1510 3385 1690 3466; x_wconf 85' lang='lat' dir='ltr'>conscilii.</span> <span class='ocrx_word' id='word_1_127' title='bbox 1721 3405 1758 3466; x_wconf 92' lang='lat' dir='ltr'>et</span> <span class='ocrx_word' id='word_1_128' title='bbox 1785 3387 1858 3466; x_wconf 86' lang='lat' dir='ltr'>hoc</span> <span class='ocrx_word' id='word_1_129' title='bbox 1888 3380 1965 3468; x_wconf 86' lang='lat' dir='ltr'>non</span> <span class='ocrx_word' id='word_1_130' title='bbox 1991 3387 2110 3494; x_wconf 88' lang='lat' dir='ltr'>possit</span> 
     </span>
    </p>
   </div>
   <div class='ocr_carea' id='block_1_7' title="bbox 520 3540 1254 3622">
    <p class='ocr_par' dir='ltr' id='par_1_7' title="bbox 520 3540 1254 3622">
     <span class='ocr_line' id='line_1_17' title="bbox 520 3540 1254 3622; baseline 0.004 -3"><span class='ocrx_word' id='word_1_131' title='bbox 520 3542 705 3621; x_wconf 88' lang='lat' dir='ltr'>remoueri</span> <span class='ocrx_word' id='word_1_132' title='bbox 734 3540 915 3620; x_wconf 89' lang='lat' dir='ltr'>conscilio</span> <span class='ocrx_word' id='word_1_133' title='bbox 943 3541 1003 3621; x_wconf 90' lang='lat' dir='ltr'>uel</span> <span class='ocrx_word' id='word_1_134' title='bbox 1031 3542 1105 3621; x_wconf 87' lang='lat' dir='ltr'>alio</span> <span class='ocrx_word' id='word_1_135' title='bbox 1124 3542 1254 3622; x_wconf 90' lang='lat' dir='ltr'>modo.</span> 
     </span>
    </p>
   </div>
   <div class='ocr_carea' id='block_1_8' title="bbox 520 3996 2108 4316">
    <p class='ocr_par' dir='ltr' id='par_1_8' title="bbox 520 3996 2108 4316">
     <span class='ocr_line' id='line_1_18' title="bbox 520 3996 2108 4163; baseline -0.008 -2"><span class='ocrx_word' id='word_1_136' title='bbox 520 3996 634 4163; x_wconf 82' lang='lat' dir='ltr'>DE</span> <span class='ocrx_word' id='word_1_137' title='bbox 660 4075 846 4158; x_wconf 83' lang='lat' dir='ltr'>BESTIIS</span> <span class='ocrx_word' id='word_1_138' title='bbox 873 4074 1082 4157; x_wconf 87' lang='lat' dir='ltr'>BOUINIS</span> <span class='ocrx_word' id='word_1_139' title='bbox 1099 4075 1220 4156; x_wconf 89' lang='lat' dir='ltr'>NON</span> <span class='ocrx_word' id='word_1_140' title='bbox 1239 4071 1565 4154; x_wconf 85' lang='lat' dir='ltr'><strong>HABENTIBUS</strong></span> <span class='ocrx_word' id='word_1_141' title='bbox 1584 4068 1805 4153; x_wconf 84' lang='lat' dir='ltr'><strong>CORNUA</strong></span> <span class='ocrx_word' id='word_1_142' title='bbox 1836 4065 2108 4150; x_wconf 82' lang='lat' dir='ltr'><strong>SCURZATA</strong></span> 
     </span>
     <span class='ocr_line' id='line_1_19' title="bbox 679 4230 1525 4316; baseline -0.006 -2"><span class='ocrx_word' id='word_1_143' title='bbox 679 4231 1105 4316; x_wconf 87' lang='lat' dir='ltr'>OFFENDENTIBUS</span> <span class='ocrx_word' id='word_1_144' title='bbox 1131 4231 1280 4314; x_wconf 90' lang='lat' dir='ltr'>ALlAS</span> <span class='ocrx_word' id='word_1_145' title='bbox 1307 4230 1525 4313; x_wconf 88' lang='lat' dir='ltr'><strong>BESTIAS.</strong></span> 
     </span>
    </p>
   </div>
   <div class='ocr_carea' id='block_1_9' title="bbox 523 4452 2149 5283">
    <p class='ocr_par' dir='ltr' id='par_1_9' title="bbox 523 4452 2149 5283">
     <span class='ocr_line' id='line_1_20' title="bbox 586 4452 2114 4657; baseline 0.001 -33"><span class='ocrx_word' id='word_1_146' title='bbox 586 4452 966 4657; x_wconf 54' lang='lat' dir='ltr'>fflrrustatutum</span> <span class='ocrx_word' id='word_1_147' title='bbox 996 4563 1051 4624; x_wconf 92' lang='lat' dir='ltr'>est</span> <span class='ocrx_word' id='word_1_148' title='bbox 1078 4544 1180 4649; x_wconf 89' lang='lat' dir='ltr'>quod</span> <span class='ocrx_word' id='word_1_149' title='bbox 1222 4545 1252 4623; x_wconf 93' lang='lat' dir='ltr'>si</span> <span class='ocrx_word' id='word_1_150' title='bbox 1293 4543 1413 4649; x_wconf 87' lang='lat' dir='ltr'>aliqua</span> <span class='ocrx_word' id='word_1_151' title='bbox 1456 4547 1571 4624; x_wconf 88' lang='lat' dir='ltr'>bestia</span> <span class='ocrx_word' id='word_1_152' title='bbox 1609 4547 1745 4625; x_wconf 89' lang='lat' dir='ltr'>bouina</span> <span class='ocrx_word' id='word_1_153' title='bbox 1774 4573 1851 4625; x_wconf 88' lang='lat' dir='ltr'>non</span> <span class='ocrx_word' id='word_1_154' title='bbox 1879 4546 2020 4626; x_wconf 89' lang='lat' dir='ltr'>habens</span> <span class='ocrx_word' id='word_1_155' title='bbox 2048 4572 2114 4625; x_wconf 92' lang='lat' dir='ltr'>seu</span> 
     </span>
     <span class='ocr_line' id='line_1_21' title="bbox 523 4678 2111 4808; baseline 0.001 -25"><span class='ocrx_word' id='word_1_156' title='bbox 523 4731 595 4808; x_wconf 91' lang='lat' dir='ltr'>que</span> <span class='ocrx_word' id='word_1_157' title='bbox 623 4731 701 4783; x_wconf 91' lang='lat' dir='ltr'>non</span> <span class='ocrx_word' id='word_1_158' title='bbox 729 4703 896 4782; x_wconf 84' lang='lat' dir='ltr'>habuerit</span> <span class='ocrx_word' id='word_1_159' title='bbox 924 4729 1062 4782; x_wconf 87' lang='lat' dir='ltr'>cornua</span> <span class='ocrx_word' id='word_1_160' title='bbox 1090 4721 1254 4782; x_wconf 85' lang='lat' dir='ltr'>scurzata</span> <span class='ocrx_word' id='word_1_161' title='bbox 1283 4701 1479 4784; x_wconf 85' lang='lat' dir='ltr'>offenderit</span> <span class='ocrx_word' id='word_1_162' title='bbox 1514 4704 1674 4808; x_wconf 82' lang='lat' dir='ltr'>aliquam</span> <span class='ocrx_word' id='word_1_163' title='bbox 1702 4678 1812 4783; x_wconf 82' lang='lat' dir='ltr'>aliam</span> <span class='ocrx_word' id='word_1_164' title='bbox 1840 4704 1997 4784; x_wconf 89' lang='lat' dir='ltr'>bestiam</span> <span class='ocrx_word' id='word_1_165' title='bbox 2026 4699 2111 4785; x_wconf 86' lang='lat' dir='ltr'>cum</span> 
     </span>
     <span class='ocr_line' id='line_1_22' title="bbox 524 4858 2149 4970; baseline 0.003 -34"><span class='ocrx_word' id='word_1_166' title='bbox 524 4860 709 4941; x_wconf 77' lang='lat' dir='ltr'>cornibus.</span> <span class='ocrx_word' id='word_1_167' title='bbox 739 4877 906 4939; x_wconf 89' lang='lat' dir='ltr'>teneatur</span> <span class='ocrx_word' id='word_1_168' title='bbox 934 4860 1112 4939; x_wconf 80' lang='lat' dir='ltr'>dominus</span> <span class='ocrx_word' id='word_1_169' title='bbox 1134 4859 1237 4946; x_wconf 77' lang='lat' dir='ltr'>dicte</span> <span class='ocrx_word' id='word_1_170' title='bbox 1265 4859 1381 4940; x_wconf 91' lang='lat' dir='ltr'>bestie</span> <span class='ocrx_word' id='word_1_171' title='bbox 1422 4858 1560 4940; x_wconf 89' lang='lat' dir='ltr'>bouine</span> <span class='ocrx_word' id='word_1_172' title='bbox 1602 4861 1828 4942; x_wconf 85' lang='lat' dir='ltr'>offendentis</span> <span class='ocrx_word' id='word_1_173' title='bbox 1855 4863 2046 4942; x_wconf 89' lang='lat' dir='ltr'>restituere</span> <span class='ocrx_word' id='word_1_174' title='bbox 2075 4883 2111 4942; x_wconf 91' lang='lat' dir='ltr'>et</span> <span class='ocrx_word' id='word_1_175' title='bbox 2147 4967 2149 4970; x_wconf 13' lang='grc' dir='ltr'>ι</span> 
     </span>
     <span class='ocr_line' id='line_1_23' title="bbox 524 5016 2114 5140; baseline 0 -40"><span class='ocrx_word' id='word_1_176' title='bbox 524 5019 721 5100; x_wconf 88' lang='lat' dir='ltr'>emendare</span> <span class='ocrx_word' id='word_1_177' title='bbox 750 5017 955 5123; x_wconf 89' lang='lat' dir='ltr'>dampnum</span> <span class='ocrx_word' id='word_1_178' title='bbox 973 5017 1180 5122; x_wconf 90' lang='lat' dir='ltr'>predictum</span> <span class='ocrx_word' id='word_1_179' title='bbox 1200 5016 1252 5097; x_wconf 92' lang='lat' dir='ltr'>illi</span> <span class='ocrx_word' id='word_1_180' title='bbox 1271 5019 1374 5098; x_wconf 89' lang='lat' dir='ltr'>cuius</span> <span class='ocrx_word' id='word_1_181' title='bbox 1393 5017 1499 5098; x_wconf 82' lang='lat' dir='ltr'>fuerit</span> <span class='ocrx_word' id='word_1_182' title='bbox 1518 5018 1614 5098; x_wconf 87' lang='lat' dir='ltr'>dicta</span> <span class='ocrx_word' id='word_1_183' title='bbox 1633 5018 1749 5099; x_wconf 91' lang='lat' dir='ltr'>bestia</span> <span class='ocrx_word' id='word_1_184' title='bbox 1773 5047 1885 5125; x_wconf 91' lang='lat' dir='ltr'>quam</span> <span class='ocrx_word' id='word_1_185' title='bbox 1904 5019 2114 5140; x_wconf 87' lang='lat' dir='ltr'>offenderit.</span> 
     </span>
     <span class='ocr_line' id='line_1_24' title="bbox 525 5191 2116 5283; baseline -0.002 -21"><span class='ocrx_word' id='word_1_186' title='bbox 525 5195 563 5262; x_wconf 86' lang='lat' dir='ltr'>Et</span> <span class='ocrx_word' id='word_1_187' title='bbox 587 5196 614 5261; x_wconf 91' lang='lat' dir='ltr'>si</span> <span class='ocrx_word' id='word_1_188' title='bbox 636 5194 740 5283; x_wconf 85' lang='lat' dir='ltr'>aliqua</span> <span class='ocrx_word' id='word_1_189' title='bbox 762 5193 863 5263; x_wconf 88' lang='lat' dir='ltr'>bestia</span> <span class='ocrx_word' id='word_1_190' title='bbox 887 5191 1004 5260; x_wconf 86' lang='lat' dir='ltr'>bouina</span> <span class='ocrx_word' id='word_1_191' title='bbox 1027 5216 1087 5282; x_wconf 92' lang='lat' dir='ltr'>que</span> <span class='ocrx_word' id='word_1_192' title='bbox 1111 5193 1239 5260; x_wconf 82' lang='lat' dir='ltr'>haberet</span> <span class='ocrx_word' id='word_1_193' title='bbox 1263 5216 1381 5261; x_wconf 84' lang='lat' dir='ltr'>cornua</span> <span class='ocrx_word' id='word_1_194' title='bbox 1405 5211 1544 5261; x_wconf 83' lang='lat' dir='ltr'>scurzata</span> <span class='ocrx_word' id='word_1_195' title='bbox 1568 5193 1733 5261; x_wconf 86' lang='lat' dir='ltr'>offenderit</span> <span class='ocrx_word' id='word_1_196' title='bbox 1749 5194 1887 5282; x_wconf 84' lang='lat' dir='ltr'>aliquam</span> <span class='ocrx_word' id='word_1_197' title='bbox 1909 5194 2042 5261; x_wconf 88' lang='lat' dir='ltr'>bestiam</span> <span class='ocrx_word' id='word_1_198' title='bbox 2058 5193 2116 5260; x_wconf 93' lang='lat' dir='ltr'>bo·</span> 
     </span>
    </p>
   </div>
   <div class='ocr_carea' id='block_1_10' title="bbox 525 5352 1913 5442">
    <p class='ocr_par' dir='ltr' id='par_1_10' title="bbox 525 5352 1913 5442">
     <span class='ocr_line' id='line_1_25' title="bbox 525 5352 1913 5442; baseline 0.001 -23"><span class='ocrx_word' id='word_1_199' title='bbox 525 5354 633 5419; x_wconf 84' lang='lat' dir='ltr'>ulnam</span> <span class='ocrx_word' id='word_1_200' title='bbox 657 5353 807 5421; x_wconf 90' lang='lat' dir='ltr'>dominus</span> <span class='ocrx_word' id='word_1_201' title='bbox 831 5353 914 5420; x_wconf 90' lang='lat' dir='ltr'>dicte</span> <span class='ocrx_word' id='word_1_202' title='bbox 939 5352 1037 5420; x_wconf 92' lang='lat' dir='ltr'>bestie</span> <span class='ocrx_word' id='word_1_203' title='bbox 1060 5373 1126 5419; x_wconf 91' lang='lat' dir='ltr'>non</span> <span class='ocrx_word' id='word_1_204' title='bbox 1149 5369 1292 5420; x_wconf 89' lang='lat' dir='ltr'>teneatur</span> <span class='ocrx_word' id='word_1_205' title='bbox 1314 5354 1347 5419; x_wconf 88' lang='lat' dir='ltr'>in</span> <span class='ocrx_word' id='word_1_206' title='bbox 1371 5352 1504 5420; x_wconf 86' lang='lat' dir='ltr'>emenda</span> <span class='ocrx_word' id='word_1_207' title='bbox 1527 5353 1609 5421; x_wconf 88' lang='lat' dir='ltr'>dicte</span> <span class='ocrx_word' id='word_1_208' title='bbox 1633 5353 1732 5421; x_wconf 86' lang='lat' dir='ltr'>bestie</span> <span class='ocrx_word' id='word_1_209' title='bbox 1755 5375 1913 5442; x_wconf 87' lang='lat' dir='ltr'>percusse.</span> 
     </span>
    </p>
   </div>
   <div class='ocr_carea' id='block_1_11' title="bbox 0 0 2425 6692">
    <p class='ocr_par' dir='ltr' id='par_1_11' title="bbox 0 0 2425 6692">
     <span class='ocr_line' id='line_1_26' title="bbox 0 0 2425 6692; baseline 0 0"><span class='ocrx_word' id='word_1_210' title='bbox 0 0 2425 6692; x_wconf 95' lang='lat' dir='ltr'> </span> 
     </span>
    </p>
   </div>
  </div>
 </body>
</html>
