4800 6698
579 533 777 615 occasione
809 530 1010 636 recipiendi
1042 530 1181 611 dictam
1222 529 1377 610 farinam
1413 527 1474 608 uel
1512 555 1671 632 granum
1712 529 1912 609 caritatiue.
1950 528 2072 627 soluat
2103 556 2172 635 pro

580 717 675 796 pena
702 690 856 794 quocies
883 688 1139 769 contralecerit
1167 687 1311 767 solidos
1338 715 1376 766 x.
1405 687 1451 766 Et
1479 656 1641 792 quelibet
1667 713 1826 792 persona
1851 688 1972 791 possit
2003 692 2172 768 accusare

580 828 886 927 contrafacientes
913 865 1042 927 contra
1068 845 1231 951 predicta
1258 843 1318 924 uel
1345 844 1483 951 aliquid
1510 844 1772 949 predictorum.
1802 863 1839 925 et
1865 845 1999 925 habeat
2025 845 2173 925 tertiam

579 1023 723 1111 partem
751 1004 863 1083 banni
883 1021 920 1082 et
938 1021 1105 1083 teneatur
1122 1002 1274 1107 priuata.
1295 1021 1332 1082 et
1350 1021 1515 1107 potestas
1542 1020 1709 1082 teneatur
1727 1003 1766 1081 in
1784 1028 1955 1082 mensem
1972 1021 2173 1107 postquam

581 1163 755 1241 iurauerit
782 1163 952 1265 regimen
981 1151 1093 1240 suum
1117 1159 1235 1240 facere
1263 1161 1380 1240 iurare
1408 1161 1631 1264 magistrum
1659 1158 1965 1240 molandinorum
1983 1158 2173 1239 attendere

581 1338 619 1399 et
635 1318 844 1398 'obseruare
872 1319 1046 1424 predicta.
1076 1338 1113 1399 et
1141 1317 1242 1423 quod
1284 1318 1525 1398 stanciatores
1565 1318 1738 1398 comunis
1769 1335 1963 1397 teneantur
1990 1341 2172 1396 recercare

581 1477 688 1555 omni
717 1475 927 1556 ebdomada
956 1475 1072 1556 semel
1104 1476 1288 1557 taschetas
1315 1494 1353 1556 et
1379 1475 1550 1556 scutellas
1581 1475 1774 1579 predictas.
1803 1494 1840 1555 et
1869 1476 1899 1554 si
1927 1501 1998 1579 que
2026 1475 2065 1554 in
2092 1500 2173 1554 mo

581 1632 742 1713 landinis
769 1632 914 1714 fuerint.
944 1653 981 1714 et
1007 1661 1178 1714 accusare
1206 1635 1522 1714 contrafacientes.
1550 1634 1598 1713 Et
1623 1652 1789 1739 potestas
1816 1651 1983 1713 teneatur
2003 1650 2042 1711 et
2053 1631 2173 1736 possit

581 1790 669 1870 inde
697 1792 878 1896 inquirere
908 1793 1014 1872 omni
1041 1820 1172 1874 mense
1199 1792 1351 1873 uinculo
1379 1793 1587 1872 iuramenti.

580 2150 690 2315 Dr
716 2225 991 2310 fontianus
1017 2160 1355 2305 naeuuanuu.
1481 2154 1482 2157 Ὺ

586 2631 590 2641 ,
641 2445 820 2646 ffirnn
848 2546 1027 2609 statutum
1055 2546 1111 2607 est
1138 2526 1240 2631 quod
1269 2526 1422 2632 quilibet
1449 2526 1630 2608 sornatius
1662 2532 1888 2609 baennarum
1914 2550 2083 2613 teneatur
2109 2562 2175 2615 nu·

583 2715 725 2770 merare
752 2705 877 2767 totum
904 2712 1039 2791 panem
1068 2685 1131 2790 qui
1158 2703 1337 2789 coquetur
1364 2685 1403 2764 in
1430 2683 1538 2765 fumo
1566 2685 1681 2790 ipsius
1708 2687 1850 2768 duabus
1872 2689 2025 2770 uicibus
2056 2691 2176 2774 silicet

583 2847 739 2929 crudum
768 2865 805 2927 et
832 2846 1021 2926 choctum.
1050 2862 1087 2924 et
1113 2842 1159 2924 ad
1187 2843 1348 2923 furnum
1372 2861 1409 2922 et
1426 2862 1596 2947 presente
1615 2844 1770 2926 domina
1787 2845 1849 2926 uel
1875 2847 2035 2930 domino
2056 2851 2173 2955 panis.
2266 2914 2271 2923 .

585 3024 623 3086 et
650 3005 842 3085 restituere
869 3021 1016 3083 tanturn
1042 3029 1177 3107 panem
1205 3002 1383 3081 choctum
1410 3019 1591 3106 quantum
1630 3002 1740 3084 luerit
1779 3004 1924 3085 crudus.
1954 3026 2111 3112 excepto
2139 3028 2177 3089 et

584 3163 751 3244 detracto
777 3188 872 3266 pane
899 3159 1082 3240 sornatici.
1110 3178 1148 3239 et
1175 3160 1368 3240 restituere
1398 3186 1534 3263 panem
1564 3161 1773 3265 predictum
1804 3164 1850 3243 ad
1873 3163 2022 3245 furnum
2049 3167 2177 3247 incon·

582 3321 729 3401 tinenti.
759 3338 796 3400 et
823 3337 1024 3424 antequam
1050 3317 1149 3407 alius
1170 3319 1277 3424 panis
1317 3318 1474 3398 choctus
1513 3317 1728 3423 deportetur
1759 3348 1781 3400 a
1807 3305 1929 3402 furno.
1958 3342 1995 3403 et
2022 3323 2178 3429 quilibet

584 3478 767 3559 lornarius
794 3477 858 3582 qui
885 3476 1141 3556 contralecerit
1169 3475 1290 3556 soluat
1316 3502 1385 3580 pro
1412 3502 1508 3580 pena
1526 3473 1671 3557 solidos
1688 3504 1713 3555 v
1731 3479 1886 3583 quocies
1903 3480 2029 3561 fecerit
2047 3502 2178 3563 contra

583 3634 759 3741 predicta.
787 3633 848 3714 uel
875 3632 1014 3739 aliquid
1054 3632 1319 3739 predictorum.
1348 3633 1396 3713 Et
1422 3632 1689 3715 nichilominus
1725 3635 1903 3718 dominus
1934 3637 1995 3717 uel
2022 3639 2178 3720 domina

586 3793 675 3874 dicti
703 3794 809 3898 panis
836 3811 1004 3872 teneatur
1040 3818 1234 3872 numerare
1275 3791 1418 3872 dictum
1458 3819 1594 3897 panem
1634 3812 1671 3873 et
1706 3792 1825 3875 facere
1861 3797 2005 3876 restitui
2040 3825 2178 3903 panem

583 3952 794 4058 predictum
821 3950 868 4031 ad
895 3949 1045 4030 furnum
1071 3968 1113 4030 ut
1139 3948 1348 4072 predictum
1367 3969 1435 4031 est.
1456 3970 1494 4031 et
1511 3978 1681 4032 accusare
1700 3950 1904 4033 lornarium
1922 3955 1969 4035 de
1988 3955 2176 4061 predictis,

584 4111 616 4191 si
643 4085 896 4216 predictasuel
923 4108 1062 4215 aliquid
1089 4108 1343 4215 predictorum
1384 4108 1502 4190 facere
1543 4111 1787 4192 recussauerit
1814 4113 1882 4192 sub
1910 4113 2041 4194 eadem
2068 4142 2176 4220 pena.

583 4268 632 4348 Et
658 4266 821 4373 quelibet
847 4295 1007 4374 persona
1033 4268 1154 4374 possit
1180 4295 1351 4348 accusare
1377 4295 1557 4374 personas
1583 4267 1760 4350 facientes
1786 4289 1917 4351 contra
1933 4271 2099 4377 predicta
2116 4273 2178 4354 uel
2231 4322 2233 4326 ,

585 4424 724 4531 aliquid
750 4425 1015 4531 predictorum.
1044 4445 1082 4506 et
1110 4427 1189 4508 eius
1216 4427 1427 4507 iuramento
1455 4426 1633 4508 credatur.
1654 4447 1690 4508 et
1708 4426 1841 4509 habeat
1858 4431 2013 4510 tertiam·
2033 4443 2177 4535 par'tem

585 4585 709 4664 banni.
739 4603 777 4664 et
803 4602 971 4664 teneatur
997 4585 1151 4690 priuata.
1179 4585 1228 4665 Et
1253 4603 1421 4691 potestas
1438 4603 1608 4665 teneatur
1626 4584 1744 4666 lacere
1763 4587 1881 4668 iurare
1908 4545 2093 4670 forriarios
2111 4592 2176 4671 ob

585 4764 730 4823 seruare
756 4741 921 4848 predicta
948 4743 985 4822 in
1012 4743 1194 4849 principio
1222 4745 1278 4824 sui
1305 4742 1511 4848 regiminis.
2128 4715 2130 4719 .
