4800 6696
309 639 382 739 326
504 544 706 750 QJOD
733 627 893 708 RlANA
923 626 1211 707 REMANEAT
1241 626 1506 707 EXPEDITA.

566 845 741 1047 Quen
776 965 955 1027 statutum
997 965 1052 1027 est
1094 946 1194 1051 quod
1224 963 1388 1050 potestas
1416 962 1582 1024 teneatur
1601 964 1726 1023 tenere
1746 946 1862 1024 lacere
1883 945 2093 1049 expeditam

503 1124 539 1185 et
567 1123 691 1209 aptam
720 1105 861 1202 rianam
890 1105 939 1183 ita
967 1103 1068 1208 quod
1098 1131 1190 1208 aqua
1228 1102 1380 1181 ducatur
1407 1129 1470 1205 per
1499 1102 1620 1205 ipsam
1649 1102 1751 1180 iuxta
1779 1101 1936 1180 domum
1965 1104 2094 1201 Jacobi

505 1261 631 1366 gallei.
657 1264 758 1340 berte
796 1263 936 1341 Rubee.
968 1281 1003 1339 et
1033 1258 1224 1341 michaelis
1252 1261 1349 1364 nigri
1378 1255 1415 1338 in
1445 1261 1639 1363 sumaripa.
1668 1260 1714 1337 Et
1743 1261 1804 1363 qui
1840 1259 2095 1341 contrafecerit

503 1419 625 1500 soluat
652 1445 721 1522 pro
749 1445 844 1523 pena
873 1418 1016 1497 solidos
1044 1447 1066 1494 v
1096 1419 1249 1521 quocies
1277 1416 1413 1497 lecerit.
1463 1418 1507 1495 Et
1536 1416 1637 1520 quod
1667 1417 1828 1520 quelibet
1856 1443 2015 1520 persona
2043 1436 2094 1496 te·

502 1598 631 1656 neatur
660 1594 899 1656 manutenere
929 1584 1110 1656 scutatam
1139 1575 1276 1654 dictam
1318 1576 1456 1655 rianam
1500 1577 1600 1653 iuxta
1642 1576 1778 1677 dictam
1815 1577 2093 1679 possessionem

503 1763 608 1815 suam
639 1733 705 1813 sub
735 1733 866 1813 eadem
894 1760 987 1838 pena
1017 1736 1065 1812 ita
1095 1734 1195 1838 quod
1225 1761 1317 1838 aqua
1345 1705 1464 1837 possit
1482 1732 1653 1812 discolori
1673 1733 1842 1837 expedite
1871 1761 1935 1837 per
1964 1735 2092 1836 ipsam.

502 1890 549 1969 Et
568 1890 669 1994 quod
690 1908 856 1994 potestas
875 1910 1043 1971 teneatur
1062 1893 1224 1995 predicta
1245 1892 1426 1995 inquirere
1446 1893 1552 1970 omni
1571 1918 1712 1971 mense.
1734 1909 1769 1969 et
1789 1889 2094 1971 contrafacientes

501 2048 643 2152 punire.

503 2392 706 2599 Qron
733 2473 852 2555 uon
879 2473 999 2554 mn
1027 2471 1328 2554 munerun
1357 2421 1644 2554 commun
1670 2471 1726 2552 m
1753 2470 1965 2551 umam.

580 2707 606 2774 ‘l'
624 2717 659 2759 *⁸1⁷¹

464 2800 467 2804 ⁴
576 2779 606 2873 ζ
622 2759 740 2878 lirun
769 2803 949 2864 statutum
987 2803 1042 2864 est
1081 2785 1182 2889 quod
1212 2811 1327 2864 nemo
1355 2786 1474 2890 possit
1502 2785 1619 2865 lacere
1638 2785 1834 2865 artificium
1862 2785 2013 2889 aliquod
2033 2813 2093 2865 co

503 2961 649 3046 pertum
678 2944 716 3021 in
743 2941 863 3047 platea
892 2945 1074 3024 comunis.
1092 2941 1265 3022 uidelicet
1293 2941 1342 3021 ibi
1371 2943 1433 3022 ubi
1462 2930 1564 3022 erant
1584 2944 1653 3023 alie
1673 2945 1835 3023 beccarie
1855 2943 1917 3049 (4)
1937 2962 2091 3023 ueteres.

503 3100 550 3179 Et
578 3103 640 3203 qui
669 3070 935 3180 contrafecerit·
953 3100 1074 3180 soluat
1095 3128 1170 3203 pro
1189 3128 1283 3203 pena
1303 3101 1455 3204 quocies
1474 3100 1600 3180 fecerit
1620 3100 1764 3180 solidos
1783 3129 1821 3181 111
1841 3121 1877 3180 et
1897 3101 2093 3182 artificium

504 3257 723 3336 destruatur.

504 3604 616 3769 Dr
643 3681 762 3766 nou
789 3681 1110 3775 puorcnuno
1138 3680 1530 3802 rnnurunrunu
1547 3682 1602 3762 ru
1620 3625 1862 3762 emman
1889 3678 1957 3760 ετ
1984 3679 2091 3760 uns.

577 3950 605 4078 i·
623 3993 742 4086 τξεΜ
770 4015 949 4077 statutum
974 4018 1029 4078 est
1057 3999 1159 4104 quod
1189 3999 1219 4079 si
1238 3998 1359 4103 aliqua
1386 4020 1543 4105 persona
1572 4000 1754 4105 proiceret
1796 4000 1956 4104 aliquam
1985 4000 2097 4104 turpi-

506 4143 678 4235 tudinem
710 4154 834 4234 valnei
862 4156 930 4263 (5)
950 4156 1008 4235 uel
1037 4158 1229 4236 uinariam.
1250 4156 1310 4236 uel
1330 4155 1449 4261 aliqua
1477 4156 1547 4236 alia
1574 4159 1691 4262 turpia
1710 4159 1747 4236 in
1766 4155 1912 4261 plathea
1939 4157 1999 4238 uel
2027 4159 2099 4238 uiis

476 4413 478 4416 y
504 4310 662 4417 publicis
689 4312 927 4394 baennarum.
958 4313 1079 4393 soluat
1107 4341 1175 4417 pro
1204 4341 1297 4419 pena
1326 4316 1478 4418 quocies
1507 4313 1633 4394 fecerit
1662 4313 1824 4393 solidum
1845 4342 1867 4393 1.
1885 4316 1969 4403 nisi
1998 4293 2095 4395 esset

504 4496 598 4573 aqua
626 4495 733 4549 causa
761 4468 935 4550 abluendi
962 4471 1098 4551 bestias
1126 4497 1233 4551 causa
1261 4470 1407 4551 macelli
1436 4471 1655 4552 interiectas.
1676 4473 1754 4551 siue
1773 4471 1911 4575 pilandi
1935 4471 2096 4577 porchos
2193 4545 2196 4550 .

504 4626 565 4707 uel
592 4645 719 4730 troyas
746 4626 806 4706 uel
835 4629 905 4708 nisi
934 4649 1058 4709 essent
1085 4628 1248 4710 lauature
1268 4649 1446 4733 uegetum
1465 4630 1526 4710 uel
1545 4632 1705 4710 tinarum
1725 4631 1771 4710 de
1791 4631 1923 4736 quibus
1950 4631 2095 4711 nullum

503 4783 668 4866 bannum
699 4767 913 4866 substineat.
943 4787 989 4866 Et
1017 4787 1180 4892 quelibet
1207 4814 1364 4893 persona
1407 4789 1524 4893 possit
1552 4788 1638 4869 inde
1680 4816 1848 4869 accusare
1878 4791 1975 4869 etei
2005 4791 2095 4870 iura-

507 4962 639 5024 mento
668 4943 847 5025 credatur.
