<?xml version="1.0" encoding="UTF-8"?>
<!DOCTYPE html PUBLIC "-//W3C//DTD XHTML 1.0 Transitional//EN"
    "http://www.w3.org/TR/xhtml1/DTD/xhtml1-transitional.dtd">
<html xmlns="http://www.w3.org/1999/xhtml" xml:lang="en" lang="en">
 <head>
  <title>
</title>
<meta http-equiv="Content-Type" content="text/html;charset=utf-8" />
  <meta name='ocr-system' content='tesseract 3.04.00' />
  <meta name='ocr-capabilities' content='ocr_page ocr_carea ocr_par ocr_line ocrx_word'/>
</head>
<body>
  <div class='ocr_page' id='page_1' title='image "./capitulaetstatu00assagoog_0068.png"; bbox 0 0 4800 6696; ppageno 0'>
   <div class='ocr_carea' id='block_1_1' title="bbox 1144 225 1327 330">
    <p class='ocr_par' dir='ltr' id='par_1_1' title="bbox 1144 225 1327 330">
     <span class='ocr_line' id='line_1_1' title="bbox 1144 225 1327 330; baseline -0.005 -1"><span class='ocrx_word' id='word_1_1' title='bbox 1144 225 1327 330; x_wconf 82' lang='lat' dir='ltr'>XXVI</span> 
     </span>
    </p>
   </div>
   <div class='ocr_carea' id='block_1_2' title="bbox 257 553 1555 751">
    <p class='ocr_par' dir='ltr' id='par_1_2' title="bbox 257 553 1555 751">
     <span class='ocr_line' id='line_1_2' title="bbox 257 553 1555 751; baseline -0.012 -24"><span class='ocrx_word' id='word_1_2' title='bbox 257 672 329 751; x_wconf 89' lang='lat'>117</span> <span class='ocrx_word' id='word_1_3' title='bbox 446 553 558 719; x_wconf 80' lang='lat' dir='ltr'>DE</span> <span class='ocrx_word' id='word_1_4' title='bbox 585 634 708 717; x_wconf 91' lang='lat' dir='ltr'>IGNE</span> <span class='ocrx_word' id='word_1_5' title='bbox 735 634 855 716; x_wconf 88' lang='lat' dir='ltr'>NON</span> <span class='ocrx_word' id='word_1_6' title='bbox 874 634 1131 715; x_wconf 84' lang='lat' dir='ltr'>PONENDO</span> <span class='ocrx_word' id='word_1_7' title='bbox 1160 636 1216 717; x_wconf 90' lang='lat' dir='ltr'>IN</span> <span class='ocrx_word' id='word_1_8' title='bbox 1243 634 1555 717; x_wconf 86' lang='lat' dir='ltr'><strong>NEMORIBUS.</strong></span> 
     </span>
    </p>
   </div>
   <div class='ocr_carea' id='block_1_3' title="bbox 454 852 2053 2176">
    <p class='ocr_par' dir='ltr' id='par_1_3' title="bbox 454 852 2053 2176">
     <span class='ocr_line' id='line_1_3' title="bbox 511 852 2051 1068; baseline 0.001 -26"><span class='ocrx_word' id='word_1_9' title='bbox 511 852 691 1055; x_wconf 44' lang='lat' dir='ltr'>&amp;aaut</span> <span class='ocrx_word' id='word_1_10' title='bbox 719 981 898 1042; x_wconf 88' lang='lat' dir='ltr'>statutum</span> <span class='ocrx_word' id='word_1_11' title='bbox 927 982 984 1043; x_wconf 90' lang='lat' dir='ltr'>est</span> <span class='ocrx_word' id='word_1_12' title='bbox 1002 964 1103 1068; x_wconf 95' lang='lat' dir='ltr'>quod</span> <span class='ocrx_word' id='word_1_13' title='bbox 1120 966 1149 1043; x_wconf 91' lang='lat' dir='ltr'>si</span> <span class='ocrx_word' id='word_1_14' title='bbox 1165 962 1285 1068; x_wconf 87' lang='lat' dir='ltr'>aliqua</span> <span class='ocrx_word' id='word_1_15' title='bbox 1299 991 1458 1067; x_wconf 89' lang='lat' dir='ltr'>persona</span> <span class='ocrx_word' id='word_1_16' title='bbox 1485 965 1669 1068; x_wconf 89' lang='lat' dir='ltr'>possuerit</span> <span class='ocrx_word' id='word_1_17' title='bbox 1697 966 1827 1066; x_wconf 86' lang='lat' dir='ltr'>ignem</span> <span class='ocrx_word' id='word_1_18' title='bbox 1844 966 1881 1042; x_wconf 93' lang='lat' dir='ltr'>in</span> <span class='ocrx_word' id='word_1_19' title='bbox 1901 964 2051 1045; x_wconf 91' lang='lat' dir='ltr'>boschis</span> 
     </span>
     <span class='ocr_line' id='line_1_4' title="bbox 454 1120 2050 1227; baseline 0.001 -27"><span class='ocrx_word' id='word_1_20' title='bbox 454 1120 677 1201; x_wconf 88' lang='lat' dir='ltr'>comunibus</span> <span class='ocrx_word' id='word_1_21' title='bbox 706 1141 743 1201; x_wconf 91' lang='lat' dir='ltr'>et</span> <span class='ocrx_word' id='word_1_22' title='bbox 762 1121 892 1201; x_wconf 87' lang='lat' dir='ltr'>alienis</span> <span class='ocrx_word' id='word_1_23' title='bbox 911 1120 1072 1201; x_wconf 90' lang='lat' dir='ltr'>bannitis</span> <span class='ocrx_word' id='word_1_24' title='bbox 1091 1121 1212 1201; x_wconf 90' lang='lat' dir='ltr'>soluat</span> <span class='ocrx_word' id='word_1_25' title='bbox 1231 1149 1298 1226; x_wconf 92' lang='lat' dir='ltr'>pro</span> <span class='ocrx_word' id='word_1_26' title='bbox 1319 1126 1442 1200; x_wconf 93' lang='lat' dir='ltr'>banno</span> <span class='ocrx_word' id='word_1_27' title='bbox 1458 1123 1610 1227; x_wconf 90' lang='lat' dir='ltr'>quocies</span> <span class='ocrx_word' id='word_1_28' title='bbox 1624 1120 1750 1201; x_wconf 87' lang='lat' dir='ltr'>fecerit</span> <span class='ocrx_word' id='word_1_29' title='bbox 1770 1121 1912 1202; x_wconf 88' lang='lat' dir='ltr'>solidos</span> <span class='ocrx_word' id='word_1_30' title='bbox 1932 1149 1992 1202; x_wconf 83' lang='lat' dir='ltr'>tx.</span> <span class='ocrx_word' id='word_1_31' title='bbox 2014 1141 2050 1202; x_wconf 90' lang='lat' dir='ltr'>et</span> 
     </span>
     <span class='ocr_line' id='line_1_5' title="bbox 454 1279 2050 1387; baseline 0.001 -28"><span class='ocrx_word' id='word_1_32' title='bbox 454 1279 615 1359; x_wconf 92' lang='lat' dir='ltr'>totidem</span> <span class='ocrx_word' id='word_1_33' title='bbox 643 1307 711 1383; x_wconf 90' lang='lat' dir='ltr'>pro</span> <span class='ocrx_word' id='word_1_34' title='bbox 741 1279 900 1359; x_wconf 91' lang='lat' dir='ltr'>emenda</span> <span class='ocrx_word' id='word_1_35' title='bbox 928 1281 949 1318; x_wconf 71' lang='lat'>³*</span> <span class='ocrx_word' id='word_1_36' title='bbox 975 1299 1096 1384; x_wconf 93' lang='lat' dir='ltr'>preter</span> <span class='ocrx_word' id='word_1_37' title='bbox 1124 1281 1162 1359; x_wconf 93' lang='lat' dir='ltr'>in</span> <span class='ocrx_word' id='word_1_38' title='bbox 1190 1282 1317 1360; x_wconf 90' lang='lat' dir='ltr'>cessiis</span> <span class='ocrx_word' id='word_1_39' title='bbox 1345 1280 1413 1387; x_wconf 83' lang='lat'>(1)</span> <span class='ocrx_word' id='word_1_40' title='bbox 1454 1282 1611 1386; x_wconf 91' lang='lat' dir='ltr'>propriis</span> <span class='ocrx_word' id='word_1_41' title='bbox 1639 1280 1699 1359; x_wconf 97' lang='lat' dir='ltr'>uel</span> <span class='ocrx_word' id='word_1_42' title='bbox 1728 1282 1951 1360; x_wconf 87' lang='lat' dir='ltr'>comunibus</span> <span class='ocrx_word' id='word_1_43' title='bbox 1980 1309 2050 1385; x_wconf 95' lang='lat' dir='ltr'>que</span> 
     </span>
     <span class='ocr_line' id='line_1_6' title="bbox 454 1436 2050 1546; baseline 0 -30"><span class='ocrx_word' id='word_1_44' title='bbox 454 1457 578 1517; x_wconf 89' lang='lat' dir='ltr'>essent</span> <span class='ocrx_word' id='word_1_45' title='bbox 606 1438 645 1516; x_wconf 93' lang='lat' dir='ltr'>in</span> <span class='ocrx_word' id='word_1_46' title='bbox 673 1439 773 1541; x_wconf 85' lang='lat' dir='ltr'>agris</span> <span class='ocrx_word' id='word_1_47' title='bbox 800 1438 920 1516; x_wconf 89' lang='lat' dir='ltr'>uineis</span> <span class='ocrx_word' id='word_1_48' title='bbox 947 1438 1007 1517; x_wconf 91' lang='lat' dir='ltr'>uel</span> <span class='ocrx_word' id='word_1_49' title='bbox 1035 1439 1117 1518; x_wconf 90' lang='lat' dir='ltr'>uiis.</span> <span class='ocrx_word' id='word_1_50' title='bbox 1147 1439 1194 1517; x_wconf 91' lang='lat' dir='ltr'>de</span> <span class='ocrx_word' id='word_1_51' title='bbox 1223 1437 1356 1543; x_wconf 94' lang='lat' dir='ltr'>quibus</span> <span class='ocrx_word' id='word_1_52' title='bbox 1384 1436 1529 1516; x_wconf 94' lang='lat' dir='ltr'>nullum</span> <span class='ocrx_word' id='word_1_53' title='bbox 1559 1441 1722 1517; x_wconf 87' lang='lat' dir='ltr'>bannum</span> <span class='ocrx_word' id='word_1_54' title='bbox 1752 1438 1955 1517; x_wconf 67' lang='lat' dir='ltr'>soluatur*</span> <span class='ocrx_word' id='word_1_55' title='bbox 1983 1438 2050 1546; x_wconf 84' lang='lat' dir='ltr'>(a)</span> 
     </span>
     <span class='ocr_line' id='line_1_7' title="bbox 455 1595 2048 1703; baseline 0.001 -29"><span class='ocrx_word' id='word_1_56' title='bbox 455 1614 492 1675; x_wconf 93' lang='lat' dir='ltr'>et</span> <span class='ocrx_word' id='word_1_57' title='bbox 518 1613 685 1700; x_wconf 89' lang='lat' dir='ltr'>potestas</span> <span class='ocrx_word' id='word_1_58' title='bbox 712 1613 879 1675; x_wconf 89' lang='lat' dir='ltr'>teneatur</span> <span class='ocrx_word' id='word_1_59' title='bbox 897 1595 1015 1675; x_wconf 89' lang='lat' dir='ltr'>facere</span> <span class='ocrx_word' id='word_1_60' title='bbox 1043 1596 1160 1676; x_wconf 88' lang='lat' dir='ltr'>iurare</span> <span class='ocrx_word' id='word_1_61' title='bbox 1188 1623 1323 1677; x_wconf 90' lang='lat' dir='ltr'>omnes</span> <span class='ocrx_word' id='word_1_62' title='bbox 1356 1595 1557 1676; x_wconf 90' lang='lat' dir='ltr'>berbiarios</span> <span class='ocrx_word' id='word_1_63' title='bbox 1576 1595 1643 1703; x_wconf 86' lang='lat'>(3)</span> <span class='ocrx_word' id='word_1_64' title='bbox 1662 1624 1740 1675; x_wconf 93' lang='lat' dir='ltr'>non</span> <span class='ocrx_word' id='word_1_65' title='bbox 1758 1623 1897 1700; x_wconf 89' lang='lat' dir='ltr'>ponere</span> <span class='ocrx_word' id='word_1_66' title='bbox 1918 1597 2048 1700; x_wconf 85' lang='lat' dir='ltr'><strong>ignem</strong></span> 
     </span>
     <span class='ocr_line' id='line_1_8' title="bbox 456 1733 2052 1860; baseline 0.001 -29"><span class='ocrx_word' id='word_1_67' title='bbox 456 1733 631 1833; x_wconf 83' lang='lat' dir='ltr'>indictis</span> <span class='ocrx_word' id='word_1_68' title='bbox 659 1755 810 1834; x_wconf 88' lang='lat' dir='ltr'>boschis</span> <span class='ocrx_word' id='word_1_69' title='bbox 839 1775 875 1833; x_wconf 91' lang='lat' dir='ltr'>et</span> <span class='ocrx_word' id='word_1_70' title='bbox 894 1782 1063 1834; x_wconf 86' lang='lat' dir='ltr'>accusare</span> <span class='ocrx_word' id='word_1_71' title='bbox 1092 1782 1333 1860; x_wconf 90' lang='lat' dir='ltr'>quoscunque</span> <span class='ocrx_word' id='word_1_72' title='bbox 1353 1755 1513 1834; x_wconf 91' lang='lat' dir='ltr'>uiderint</span> <span class='ocrx_word' id='word_1_73' title='bbox 1532 1782 1670 1859; x_wconf 93' lang='lat' dir='ltr'>ponere</span> <span class='ocrx_word' id='word_1_74' title='bbox 1700 1754 1840 1834; x_wconf 89' lang='lat' dir='ltr'>dictum</span> <span class='ocrx_word' id='word_1_75' title='bbox 1870 1755 1999 1859; x_wconf 85' lang='lat' dir='ltr'>ignem</span> <span class='ocrx_word' id='word_1_76' title='bbox 2015 1773 2052 1834; x_wconf 92' lang='lat' dir='ltr'>et</span> 
     </span>
     <span class='ocr_line' id='line_1_9' title="bbox 455 1910 2053 2017; baseline 0.001 -27"><span class='ocrx_word' id='word_1_77' title='bbox 455 1910 618 2016; x_wconf 84' lang='lat' dir='ltr'>quelibet</span> <span class='ocrx_word' id='word_1_78' title='bbox 645 1939 804 2017; x_wconf 90' lang='lat' dir='ltr'>persona</span> <span class='ocrx_word' id='word_1_79' title='bbox 832 1911 930 1992; x_wconf 92' lang='lat' dir='ltr'>bone</span> <span class='ocrx_word' id='word_1_80' title='bbox 959 1911 1056 1992; x_wconf 88' lang='lat' dir='ltr'>farne</span> <span class='ocrx_word' id='word_1_81' title='bbox 1084 1915 1202 2017; x_wconf 88' lang='lat' dir='ltr'>possit</span> <span class='ocrx_word' id='word_1_82' title='bbox 1230 1941 1399 1993; x_wconf 86' lang='lat' dir='ltr'>accusare</span> <span class='ocrx_word' id='word_1_83' title='bbox 1433 1912 1739 1993; x_wconf 80' lang='lat' dir='ltr'>contrafacientes</span> <span class='ocrx_word' id='word_1_84' title='bbox 1768 1933 1804 1991; x_wconf 89' lang='lat' dir='ltr'>et</span> <span class='ocrx_word' id='word_1_85' title='bbox 1832 1913 1865 1993; x_wconf 92' lang='lat' dir='ltr'>ei</span> <span class='ocrx_word' id='word_1_86' title='bbox 1886 1912 2053 1992; x_wconf 88' lang='lat' dir='ltr'>credatur</span> 
     </span>
     <span class='ocr_line' id='line_1_10' title="bbox 455 2069 2051 2176; baseline 0.002 -29"><span class='ocrx_word' id='word_1_87' title='bbox 455 2071 666 2150; x_wconf 91' lang='lat' dir='ltr'>iuramento</span> <span class='ocrx_word' id='word_1_88' title='bbox 695 2090 731 2151; x_wconf 92' lang='lat' dir='ltr'>et</span> <span class='ocrx_word' id='word_1_89' title='bbox 759 2073 892 2150; x_wconf 86' lang='lat' dir='ltr'>habeat</span> <span class='ocrx_word' id='word_1_90' title='bbox 919 2072 1067 2151; x_wconf 85' lang='lat' dir='ltr'>tertiam</span> <span class='ocrx_word' id='word_1_91' title='bbox 1095 2092 1237 2176; x_wconf 88' lang='lat' dir='ltr'>partem</span> <span class='ocrx_word' id='word_1_92' title='bbox 1265 2072 1377 2150; x_wconf 88' lang='lat' dir='ltr'>banni</span> <span class='ocrx_word' id='word_1_93' title='bbox 1406 2092 1442 2150; x_wconf 89' lang='lat' dir='ltr'>et</span> <span class='ocrx_word' id='word_1_94' title='bbox 1469 2090 1636 2150; x_wconf 89' lang='lat' dir='ltr'>teneatur</span> <span class='ocrx_word' id='word_1_95' title='bbox 1667 2072 1819 2174; x_wconf 88' lang='lat' dir='ltr'>priuata.</span> <span class='ocrx_word' id='word_1_96' title='bbox 1862 2098 1908 2149; x_wconf 92' lang='lat' dir='ltr'>eo</span> <span class='ocrx_word' id='word_1_97' title='bbox 1947 2069 2051 2150; x_wconf 90' lang='lat' dir='ltr'>saluo</span> 
     </span>
    </p>
   </div>
   <div class='ocr_carea' id='block_1_4' title="bbox 455 2228 2050 2334">
    <p class='ocr_par' dir='ltr' id='par_1_4' title="bbox 455 2228 2050 2334">
     <span class='ocr_line' id='line_1_11' title="bbox 455 2228 2050 2334; baseline -0.001 -27"><span class='ocrx_word' id='word_1_98' title='bbox 455 2228 557 2333; x_wconf 91' lang='lat' dir='ltr'>quod</span> <span class='ocrx_word' id='word_1_99' title='bbox 600 2230 630 2308; x_wconf 93' lang='lat' dir='ltr'>si</span> <span class='ocrx_word' id='word_1_100' title='bbox 657 2228 719 2308; x_wconf 88' lang='lat' dir='ltr'>ille</span> <span class='ocrx_word' id='word_1_101' title='bbox 748 2230 847 2332; x_wconf 86' lang='lat' dir='ltr'>ignis</span> <span class='ocrx_word' id='word_1_102' title='bbox 879 2257 958 2309; x_wconf 93' lang='lat' dir='ltr'>non</span> <span class='ocrx_word' id='word_1_103' title='bbox 990 2229 1108 2308; x_wconf 91' lang='lat' dir='ltr'>ullum</span> <span class='ocrx_word' id='word_1_104' title='bbox 1143 2229 1348 2334; x_wconf 90' lang='lat' dir='ltr'>dampnum</span> <span class='ocrx_word' id='word_1_105' title='bbox 1382 2229 1507 2309; x_wconf 88' lang='lat' dir='ltr'>fecerit</span> <span class='ocrx_word' id='word_1_106' title='bbox 1535 2228 1675 2308; x_wconf 88' lang='lat' dir='ltr'>nullam</span> <span class='ocrx_word' id='word_1_107' title='bbox 1703 2255 1838 2333; x_wconf 91' lang='lat' dir='ltr'>penam</span> <span class='ocrx_word' id='word_1_108' title='bbox 1867 2229 2050 2308; x_wconf 84' lang='lat' dir='ltr'>incurrat:</span> 
     </span>
    </p>
   </div>
   <div class='ocr_carea' id='block_1_5' title="bbox 259 2503 1301 2674">
    <p class='ocr_par' dir='ltr' id='par_1_5' title="bbox 259 2503 1301 2674">
     <span class='ocr_line' id='line_1_12' title="bbox 259 2503 1301 2674; baseline -0.006 -3"><span class='ocrx_word' id='word_1_109' title='bbox 259 2595 332 2674; x_wconf 92' lang='lat'>118</span> <span class='ocrx_word' id='word_1_110' title='bbox 450 2503 561 2669; x_wconf 82' lang='lat' dir='ltr'>DE</span> <span class='ocrx_word' id='word_1_111' title='bbox 587 2586 768 2668; x_wconf 87' lang='lat' dir='ltr'>BROPIS</span> <span class='ocrx_word' id='word_1_112' title='bbox 795 2585 916 2668; x_wconf 88' lang='lat' dir='ltr'>NON</span> <span class='ocrx_word' id='word_1_113' title='bbox 942 2585 1171 2668; x_wconf 84' lang='lat' dir='ltr'><strong>AUFFERE</strong></span> <span class='ocrx_word' id='word_1_114' title='bbox 1246 2585 1301 2666; x_wconf 88' lang='lat' dir='ltr'>IS.</span> 
     </span>
    </p>
   </div>
   <div class='ocr_carea' id='block_1_6' title="bbox 355 2800 2053 4289">
    <p class='ocr_par' dir='ltr' id='par_1_6' title="bbox 455 2800 2052 3339">
     <span class='ocr_line' id='line_1_13' title="bbox 513 2800 2052 3030; baseline -0.001 -33"><span class='ocrx_word' id='word_1_115' title='bbox 513 2800 694 3005; x_wconf 46' lang='lat' dir='ltr'>&amp;garn</span> <span class='ocrx_word' id='word_1_116' title='bbox 722 2935 901 2995; x_wconf 90' lang='lat' dir='ltr'>statutum</span> <span class='ocrx_word' id='word_1_117' title='bbox 931 2917 1107 3021; x_wconf 89' lang='lat' dir='ltr'>estquod</span> <span class='ocrx_word' id='word_1_118' title='bbox 1127 2916 1259 3020; x_wconf 89' lang='lat' dir='ltr'>aliquis</span> <span class='ocrx_word' id='word_1_119' title='bbox 1277 2944 1355 2996; x_wconf 93' lang='lat' dir='ltr'>non</span> <span class='ocrx_word' id='word_1_120' title='bbox 1375 2916 1506 2996; x_wconf 90' lang='lat' dir='ltr'>debeat</span> <span class='ocrx_word' id='word_1_121' title='bbox 1532 2944 1660 3021; x_wconf 88' lang='lat' dir='ltr'>capere</span> <span class='ocrx_word' id='word_1_122' title='bbox 1679 2915 1739 2995; x_wconf 93' lang='lat' dir='ltr'>uel</span> <span class='ocrx_word' id='word_1_123' title='bbox 1759 2897 1898 2996; x_wconf 87' lang='lat' dir='ltr'>auferre</span> <span class='ocrx_word' id='word_1_124' title='bbox 1917 2915 2052 3030; x_wconf 88' lang='lat' dir='ltr'>bropas</span> 
     </span>
     <span class='ocr_line' id='line_1_14' title="bbox 455 3041 2051 3180; baseline 0 -27"><span class='ocrx_word' id='word_1_125' title='bbox 455 3077 647 3155; x_wconf 89' lang='lat' dir='ltr'>uinearum</span> <span class='ocrx_word' id='word_1_126' title='bbox 677 3041 889 3155; x_wconf 75' lang='lat' dir='ltr'>rutinorum</span> <span class='ocrx_word' id='word_1_127' title='bbox 917 3075 977 3154; x_wconf 91' lang='lat' dir='ltr'>uel</span> <span class='ocrx_word' id='word_1_128' title='bbox 1004 3074 1212 3180; x_wconf 88' lang='lat' dir='ltr'>plantarum</span> <span class='ocrx_word' id='word_1_129' title='bbox 1240 3072 1390 3154; x_wconf 88' lang='lat' dir='ltr'>alienas.</span> <span class='ocrx_word' id='word_1_130' title='bbox 1420 3093 1457 3154; x_wconf 91' lang='lat' dir='ltr'>et</span> <span class='ocrx_word' id='word_1_131' title='bbox 1484 3076 1547 3179; x_wconf 93' lang='lat' dir='ltr'>qui</span> <span class='ocrx_word' id='word_1_132' title='bbox 1565 3073 1821 3154; x_wconf 83' lang='lat' dir='ltr'>contrafecerit</span> <span class='ocrx_word' id='word_1_133' title='bbox 1840 3072 1962 3153; x_wconf 89' lang='lat' dir='ltr'>soluat</span> <span class='ocrx_word' id='word_1_134' title='bbox 1984 3100 2051 3178; x_wconf 91' lang='lat' dir='ltr'>pro</span> 
     </span>
     <span class='ocr_line' id='line_1_15' title="bbox 456 3231 2051 3339; baseline -0.002 -26"><span class='ocrx_word' id='word_1_135' title='bbox 456 3261 551 3339; x_wconf 90' lang='lat' dir='ltr'>pena</span> <span class='ocrx_word' id='word_1_136' title='bbox 579 3235 732 3339; x_wconf 87' lang='lat' dir='ltr'>quocies</span> <span class='ocrx_word' id='word_1_137' title='bbox 760 3232 1016 3313; x_wconf 86' lang='lat' dir='ltr'>contrafecerit</span> <span class='ocrx_word' id='word_1_138' title='bbox 1044 3233 1090 3313; x_wconf 92' lang='lat' dir='ltr'>de</span> <span class='ocrx_word' id='word_1_139' title='bbox 1119 3234 1249 3312; x_wconf 86' lang='lat' dir='ltr'>alienis</span> <span class='ocrx_word' id='word_1_140' title='bbox 1276 3231 1463 3312; x_wconf 88' lang='lat' dir='ltr'>ueteribus</span> <span class='ocrx_word' id='word_1_141' title='bbox 1491 3232 1635 3313; x_wconf 90' lang='lat' dir='ltr'>solidos</span> <span class='ocrx_word' id='word_1_142' title='bbox 1662 3260 1688 3313; x_wconf 85' lang='lat' dir='ltr'>x</span> <span class='ocrx_word' id='word_1_143' title='bbox 1717 3233 1815 3312; x_wconf 91' lang='lat' dir='ltr'>curie</span> <span class='ocrx_word' id='word_1_144' title='bbox 1836 3251 1872 3311; x_wconf 89' lang='lat' dir='ltr'>et</span> <span class='ocrx_word' id='word_1_145' title='bbox 1890 3231 2051 3311; x_wconf 89' lang='lat' dir='ltr'>totidem</span> 
     </span>
    </p>

    <p class='ocr_par' dir='ltr' id='par_1_7' title="bbox 355 3356 2053 4289">
     <span class='ocr_line' id='line_1_16' title="bbox 355 3356 2053 3496; baseline -0.001 -26"><span class='ocrx_word' id='word_1_146' title='bbox 355 3356 356 3360; x_wconf 9' lang='lat' dir='ltr'>l</span> <span class='ocrx_word' id='word_1_147' title='bbox 454 3418 523 3495; x_wconf 90' lang='lat' dir='ltr'>pro</span> <span class='ocrx_word' id='word_1_148' title='bbox 552 3391 723 3471; x_wconf 90' lang='lat' dir='ltr'>emenda.</span> <span class='ocrx_word' id='word_1_149' title='bbox 752 3411 789 3470; x_wconf 90' lang='lat' dir='ltr'>et</span> <span class='ocrx_word' id='word_1_150' title='bbox 817 3390 971 3495; x_wconf 87' lang='lat' dir='ltr'>quilibet</span> <span class='ocrx_word' id='word_1_151' title='bbox 998 3392 1117 3496; x_wconf 89' lang='lat' dir='ltr'>possit</span> <span class='ocrx_word' id='word_1_152' title='bbox 1158 3418 1327 3471; x_wconf 85' lang='lat' dir='ltr'>accusare</span> <span class='ocrx_word' id='word_1_153' title='bbox 1356 3391 1402 3471; x_wconf 90' lang='lat' dir='ltr'>de</span> <span class='ocrx_word' id='word_1_154' title='bbox 1431 3418 1500 3471; x_wconf 87' lang='lat' dir='ltr'>suo</span> <span class='ocrx_word' id='word_1_155' title='bbox 1538 3391 1702 3496; x_wconf 89' lang='lat' dir='ltr'>dampno</span> <span class='ocrx_word' id='word_1_156' title='bbox 1732 3409 1768 3470; x_wconf 92' lang='lat' dir='ltr'>et</span> <span class='ocrx_word' id='word_1_157' title='bbox 1796 3391 1963 3470; x_wconf 89' lang='lat' dir='ltr'>credatur</span> <span class='ocrx_word' id='word_1_158' title='bbox 1990 3418 2053 3470; x_wconf 86' lang='lat' dir='ltr'>ac-</span> 
     </span>
     <span class='ocr_line' id='line_1_17' title="bbox 456 3548 2052 3654; baseline -0.001 -26"><span class='ocrx_word' id='word_1_159' title='bbox 456 3551 640 3630; x_wconf 85' lang='lat' dir='ltr'>cusationi</span> <span class='ocrx_word' id='word_1_160' title='bbox 669 3577 745 3630; x_wconf 88' lang='lat' dir='ltr'>sue.</span> <span class='ocrx_word' id='word_1_161' title='bbox 776 3568 813 3629; x_wconf 90' lang='lat' dir='ltr'>et</span> <span class='ocrx_word' id='word_1_162' title='bbox 840 3550 902 3654; x_wconf 94' lang='lat' dir='ltr'>qui</span> <span class='ocrx_word' id='word_1_163' title='bbox 931 3549 1112 3653; x_wconf 88' lang='lat' dir='ltr'>acceperit</span> <span class='ocrx_word' id='word_1_164' title='bbox 1139 3576 1253 3629; x_wconf 89' lang='lat' dir='ltr'>unam</span> <span class='ocrx_word' id='word_1_165' title='bbox 1281 3550 1437 3654; x_wconf 86' lang='lat' dir='ltr'>bropam</span> <span class='ocrx_word' id='word_1_166' title='bbox 1471 3549 1591 3628; x_wconf 91' lang='lat' dir='ltr'>solam</span> <span class='ocrx_word' id='word_1_167' title='bbox 1618 3549 1640 3588; x_wconf 72' lang='lat'>³⁶</span> <span class='ocrx_word' id='word_1_168' title='bbox 1668 3548 1807 3628; x_wconf 86' lang='lat' dir='ltr'>nullam</span> <span class='ocrx_word' id='word_1_169' title='bbox 1837 3575 1971 3653; x_wconf 87' lang='lat' dir='ltr'>penam</span> <span class='ocrx_word' id='word_1_170' title='bbox 2000 3549 2052 3627; x_wconf 91' lang='lat' dir='ltr'>in·</span> 
     </span>
     <span class='ocr_line' id='line_1_18' title="bbox 455 3706 2049 3817; baseline -0.002 -30"><span class='ocrx_word' id='word_1_171' title='bbox 455 3728 574 3788; x_wconf 89' lang='lat' dir='ltr'>currat</span> <span class='ocrx_word' id='word_1_172' title='bbox 600 3709 622 3748; x_wconf 72' lang='lat'>⁴*</span> <span class='ocrx_word' id='word_1_173' title='bbox 652 3709 719 3817; x_wconf 82' lang='lat'>(4)</span> <span class='ocrx_word' id='word_1_174' title='bbox 748 3727 784 3788; x_wconf 92' lang='lat' dir='ltr'>et</span> <span class='ocrx_word' id='word_1_175' title='bbox 812 3706 975 3812; x_wconf 86' lang='lat' dir='ltr'>quelibet</span> <span class='ocrx_word' id='word_1_176' title='bbox 1011 3724 1168 3812; x_wconf 87' lang='lat' dir='ltr'>persona</span> <span class='ocrx_word' id='word_1_177' title='bbox 1204 3709 1323 3812; x_wconf 89' lang='lat' dir='ltr'>possit</span> <span class='ocrx_word' id='word_1_178' title='bbox 1362 3735 1531 3788; x_wconf 87' lang='lat' dir='ltr'>accusare</span> <span class='ocrx_word' id='word_1_179' title='bbox 1572 3726 1650 3787; x_wconf 88' lang='lat' dir='ltr'>tarn</span> <span class='ocrx_word' id='word_1_180' title='bbox 1692 3707 1738 3787; x_wconf 91' lang='lat' dir='ltr'>de</span> <span class='ocrx_word' id='word_1_181' title='bbox 1776 3734 1845 3787; x_wconf 93' lang='lat' dir='ltr'>suo</span> <span class='ocrx_word' id='word_1_182' title='bbox 1873 3706 2049 3810; x_wconf 81' lang='lat' dir='ltr'>dampno,</span> 
     </span>
     <span class='ocr_line' id='line_1_19' title="bbox 455 3832 2051 3971; baseline -0.002 -25"><span class='ocrx_word' id='word_1_183' title='bbox 455 3894 567 3971; x_wconf 91' lang='lat' dir='ltr'>quam</span> <span class='ocrx_word' id='word_1_184' title='bbox 595 3867 641 3946; x_wconf 90' lang='lat' dir='ltr'>de</span> <span class='ocrx_word' id='word_1_185' title='bbox 669 3832 805 3946; x_wconf 86' lang='lat' dir='ltr'>alieno.</span> <span class='ocrx_word' id='word_1_186' title='bbox 835 3885 872 3946; x_wconf 93' lang='lat' dir='ltr'>et</span> <span class='ocrx_word' id='word_1_187' title='bbox 900 3867 933 3945; x_wconf 93' lang='lat' dir='ltr'>ei</span> <span class='ocrx_word' id='word_1_188' title='bbox 962 3867 1172 3945; x_wconf 87' lang='lat' dir='ltr'>iuramento</span> <span class='ocrx_word' id='word_1_189' title='bbox 1191 3866 1369 3945; x_wconf 89' lang='lat' dir='ltr'>credatur.</span> <span class='ocrx_word' id='word_1_190' title='bbox 1400 3885 1436 3944; x_wconf 90' lang='lat' dir='ltr'>et</span> <span class='ocrx_word' id='word_1_191' title='bbox 1463 3884 1629 3970; x_wconf 89' lang='lat' dir='ltr'>potestas</span> <span class='ocrx_word' id='word_1_192' title='bbox 1648 3866 1766 3968; x_wconf 90' lang='lat' dir='ltr'>possit</span> <span class='ocrx_word' id='word_1_193' title='bbox 1794 3866 1989 3969; x_wconf 89' lang='lat' dir='ltr'>inquirere.</span> <span class='ocrx_word' id='word_1_194' title='bbox 2015 3882 2051 3943; x_wconf 91' lang='lat' dir='ltr'>et</span> 
     </span>
     <span class='ocr_line' id='line_1_20' title="bbox 453 4021 2051 4130; baseline -0.003 -25"><span class='ocrx_word' id='word_1_195' title='bbox 453 4026 500 4106; x_wconf 92' lang='lat' dir='ltr'>de</span> <span class='ocrx_word' id='word_1_196' title='bbox 529 4027 653 4130; x_wconf 88' lang='lat' dir='ltr'>bropis</span> <span class='ocrx_word' id='word_1_197' title='bbox 681 4026 791 4104; x_wconf 94' lang='lat' dir='ltr'>nouis</span> <span class='ocrx_word' id='word_1_198' title='bbox 820 4024 985 4105; x_wconf 84' lang='lat' dir='ltr'>soluatur</span> <span class='ocrx_word' id='word_1_199' title='bbox 1011 4051 1079 4128; x_wconf 93' lang='lat' dir='ltr'>pro</span> <span class='ocrx_word' id='word_1_200' title='bbox 1107 4051 1201 4128; x_wconf 90' lang='lat' dir='ltr'>pena</span> <span class='ocrx_word' id='word_1_201' title='bbox 1221 4023 1364 4103; x_wconf 90' lang='lat' dir='ltr'>solidos</span> <span class='ocrx_word' id='word_1_202' title='bbox 1383 4052 1432 4102; x_wconf 82' lang='lat' dir='ltr'>xx</span> <span class='ocrx_word' id='word_1_203' title='bbox 1451 4024 1548 4117; x_wconf 85' lang='lat' dir='ltr'>curie</span> <span class='ocrx_word' id='word_1_204' title='bbox 1569 4041 1606 4102; x_wconf 91' lang='lat' dir='ltr'>et</span> <span class='ocrx_word' id='word_1_205' title='bbox 1624 4022 1785 4102; x_wconf 89' lang='lat' dir='ltr'>totidem</span> <span class='ocrx_word' id='word_1_206' title='bbox 1803 4050 1871 4127; x_wconf 93' lang='lat' dir='ltr'>pro</span> <span class='ocrx_word' id='word_1_207' title='bbox 1892 4021 2051 4101; x_wconf 87' lang='lat' dir='ltr'>emenda</span> 
     </span>
     <span class='ocr_line' id='line_1_21' title="bbox 451 4177 2049 4289; baseline -0.003 -27"><span class='ocrx_word' id='word_1_208' title='bbox 451 4202 489 4262; x_wconf 92' lang='lat' dir='ltr'>et</span> <span class='ocrx_word' id='word_1_209' title='bbox 516 4183 617 4289; x_wconf 95' lang='lat' dir='ltr'>quod</span> <span class='ocrx_word' id='word_1_210' title='bbox 645 4202 746 4288; x_wconf 90' lang='lat' dir='ltr'>pater</span> <span class='ocrx_word' id='word_1_211' title='bbox 775 4201 811 4261; x_wconf 89' lang='lat' dir='ltr'>et</span> <span class='ocrx_word' id='word_1_212' title='bbox 839 4201 956 4262; x_wconf 90' lang='lat' dir='ltr'>mater</span> <span class='ocrx_word' id='word_1_213' title='bbox 984 4200 1177 4262; x_wconf 84' lang='lat' dir='ltr'>teneantur</span> <span class='ocrx_word' id='word_1_214' title='bbox 1205 4179 1350 4260; x_wconf 88' lang='lat' dir='ltr'>soluere</span> <span class='ocrx_word' id='word_1_215' title='bbox 1378 4184 1543 4261; x_wconf 89' lang='lat' dir='ltr'>bannum</span> <span class='ocrx_word' id='word_1_216' title='bbox 1572 4199 1609 4259; x_wconf 90' lang='lat' dir='ltr'>et</span> <span class='ocrx_word' id='word_1_217' title='bbox 1637 4179 1836 4260; x_wconf 89' lang='lat' dir='ltr'>emendam</span> <span class='ocrx_word' id='word_1_218' title='bbox 1864 4206 1933 4284; x_wconf 92' lang='lat' dir='ltr'>pro</span> <span class='ocrx_word' id='word_1_219' title='bbox 1961 4177 2049 4259; x_wconf 89' lang='lat' dir='ltr'>filiis</span> 
     </span>
    </p>
   </div>
   <div class='ocr_carea' id='block_1_7' title="bbox 457 4342 545 4421">
    <p class='ocr_par' dir='ltr' id='par_1_8' title="bbox 457 4342 545 4421">
     <span class='ocr_line' id='line_1_22' title="bbox 457 4342 545 4421; baseline 0 0"><span class='ocrx_word' id='word_1_220' title='bbox 457 4342 545 4421; x_wconf 90' lang='lat' dir='ltr'>suis.</span> 
     </span>
    </p>
   </div>
   <div class='ocr_carea' id='block_1_8' title="bbox 451 4615 1132 4782">
    <p class='ocr_par' dir='ltr' id='par_1_9' title="bbox 451 4615 1132 4782">
     <span class='ocr_line' id='line_1_23' title="bbox 451 4615 1132 4782; baseline -0.009 0"><span class='ocrx_word' id='word_1_221' title='bbox 451 4615 564 4782; x_wconf 79' lang='lat' dir='ltr'>DE</span> <span class='ocrx_word' id='word_1_222' title='bbox 591 4695 807 4777; x_wconf 88' lang='lat' dir='ltr'>CANABO</span> <span class='ocrx_word' id='word_1_223' title='bbox 836 4694 1132 4777; x_wconf 85' lang='lat' dir='ltr'><strong>SALUANDO.</strong></span> 
     </span>
    </p>
   </div>
   <div class='ocr_carea' id='block_1_9' title="bbox 455 5019 2050 5446">
    <p class='ocr_par' dir='ltr' id='par_1_10' title="bbox 455 5019 2050 5446">
     <span class='ocr_line' id='line_1_24' title="bbox 521 5019 2050 5130; baseline 0.001 -27"><span class='ocrx_word' id='word_1_224' title='bbox 521 5019 554 5093; x_wconf 66' lang='lat'>{²2¹³</span> <span class='ocrx_word' id='word_1_225' title='bbox 569 5020 578 5103; x_wconf 69' lang='lat' dir='ltr'>l</span> <span class='ocrx_word' id='word_1_226' title='bbox 615 5051 693 5105; x_wconf 76' lang='lat' dir='ltr'>&#39;ran</span> <span class='ocrx_word' id='word_1_227' title='bbox 721 5043 900 5104; x_wconf 90' lang='lat' dir='ltr'>statutum</span> <span class='ocrx_word' id='word_1_228' title='bbox 921 5031 979 5104; x_wconf 89' lang='lat' dir='ltr'>est</span> <span class='ocrx_word' id='word_1_229' title='bbox 994 5024 1097 5129; x_wconf 93' lang='lat' dir='ltr'>quod</span> <span class='ocrx_word' id='word_1_230' title='bbox 1126 5027 1307 5105; x_wconf 89' lang='lat' dir='ltr'>canabum</span> <span class='ocrx_word' id='word_1_231' title='bbox 1334 5026 1543 5130; x_wconf 90' lang='lat' dir='ltr'>ubicunque</span> <span class='ocrx_word' id='word_1_232' title='bbox 1563 5025 1610 5104; x_wconf 91' lang='lat' dir='ltr'>sit</span> <span class='ocrx_word' id='word_1_233' title='bbox 1630 5026 1667 5103; x_wconf 92' lang='lat' dir='ltr'>in</span> <span class='ocrx_word' id='word_1_234' title='bbox 1686 5051 1796 5130; x_wconf 90' lang='lat' dir='ltr'>posse</span> <span class='ocrx_word' id='word_1_235' title='bbox 1824 5027 2050 5105; x_wconf 91' lang='lat' dir='ltr'>baennarum</span> 
     </span>
     <span class='ocr_line' id='line_1_25' title="bbox 456 5181 2049 5288; baseline -0.001 -26"><span class='ocrx_word' id='word_1_236' title='bbox 456 5182 601 5262; x_wconf 86' lang='lat' dir='ltr'>saluum</span> <span class='ocrx_word' id='word_1_237' title='bbox 629 5202 852 5288; x_wconf 86' lang='lat' dir='ltr'>permaneat.</span> <span class='ocrx_word' id='word_1_238' title='bbox 884 5202 921 5262; x_wconf 89' lang='lat' dir='ltr'>et</span> <span class='ocrx_word' id='word_1_239' title='bbox 948 5185 979 5261; x_wconf 90' lang='lat' dir='ltr'>si</span> <span class='ocrx_word' id='word_1_240' title='bbox 1006 5181 1127 5287; x_wconf 89' lang='lat' dir='ltr'>aliqua</span> <span class='ocrx_word' id='word_1_241' title='bbox 1155 5210 1313 5286; x_wconf 89' lang='lat' dir='ltr'>persona</span> <span class='ocrx_word' id='word_1_242' title='bbox 1331 5183 1377 5262; x_wconf 91' lang='lat' dir='ltr'>de</span> <span class='ocrx_word' id='word_1_243' title='bbox 1397 5183 1499 5263; x_wconf 84' lang='lat' dir='ltr'>dicto</span> <span class='ocrx_word' id='word_1_244' title='bbox 1519 5185 1660 5262; x_wconf 85' lang='lat' dir='ltr'>canabo</span> <span class='ocrx_word' id='word_1_245' title='bbox 1688 5183 1826 5287; x_wconf 91' lang='lat' dir='ltr'>ceperit</span> <span class='ocrx_word' id='word_1_246' title='bbox 1858 5209 1974 5286; x_wconf 90' lang='lat' dir='ltr'>usque</span> <span class='ocrx_word' id='word_1_247' title='bbox 2002 5182 2049 5261; x_wconf 91' lang='lat' dir='ltr'>ad</span> 
     </span>
     <span class='ocr_line' id='line_1_26' title="bbox 455 5339 2050 5446; baseline 0 -26"><span class='ocrx_word' id='word_1_248' title='bbox 455 5341 620 5422; x_wconf 87' lang='lat' dir='ltr'>mediam</span> <span class='ocrx_word' id='word_1_249' title='bbox 639 5342 768 5421; x_wconf 89' lang='lat' dir='ltr'>ristam</span> <span class='ocrx_word' id='word_1_250' title='bbox 797 5340 918 5421; x_wconf 89' lang='lat' dir='ltr'>soluat</span> <span class='ocrx_word' id='word_1_251' title='bbox 945 5369 1013 5446; x_wconf 91' lang='lat' dir='ltr'>pro</span> <span class='ocrx_word' id='word_1_252' title='bbox 1041 5368 1135 5446; x_wconf 91' lang='lat' dir='ltr'>pena</span> <span class='ocrx_word' id='word_1_253' title='bbox 1163 5341 1307 5424; x_wconf 90' lang='lat' dir='ltr'>solidos</span> <span class='ocrx_word' id='word_1_254' title='bbox 1334 5369 1371 5421; x_wconf 92' lang='lat' dir='ltr'>v.</span> <span class='ocrx_word' id='word_1_255' title='bbox 1402 5359 1438 5420; x_wconf 89' lang='lat' dir='ltr'>et</span> <span class='ocrx_word' id='word_1_256' title='bbox 1467 5343 1497 5421; x_wconf 92' lang='lat' dir='ltr'>si</span> <span class='ocrx_word' id='word_1_257' title='bbox 1524 5339 1705 5445; x_wconf 90' lang='lat' dir='ltr'>usquead</span> <span class='ocrx_word' id='word_1_258' title='bbox 1726 5368 1838 5419; x_wconf 90' lang='lat' dir='ltr'>unam</span> <span class='ocrx_word' id='word_1_259' title='bbox 1866 5340 1993 5420; x_wconf 89' lang='lat' dir='ltr'>ristam</span> <span class='ocrx_word' id='word_1_260' title='bbox 2013 5360 2050 5420; x_wconf 90' lang='lat' dir='ltr'>et</span> 
     </span>
    </p>
   </div>
   <div class='ocr_carea' id='block_1_10' title="bbox 454 5497 2049 5605">
    <p class='ocr_par' dir='ltr' id='par_1_11' title="bbox 454 5497 2049 5605">
     <span class='ocr_line' id='line_1_27' title="bbox 454 5497 2049 5605; baseline 0 -28"><span class='ocrx_word' id='word_1_261' title='bbox 454 5497 547 5578; x_wconf 91' lang='lat' dir='ltr'>ultra</span> <span class='ocrx_word' id='word_1_262' title='bbox 567 5501 715 5605; x_wconf 88' lang='lat' dir='ltr'>ceperit.</span> <span class='ocrx_word' id='word_1_263' title='bbox 736 5527 852 5605; x_wconf 90' lang='lat' dir='ltr'>usque</span> <span class='ocrx_word' id='word_1_264' title='bbox 872 5500 918 5579; x_wconf 87' lang='lat' dir='ltr'>ad</span> <span class='ocrx_word' id='word_1_265' title='bbox 938 5527 1056 5579; x_wconf 92' lang='lat' dir='ltr'>unum</span> <span class='ocrx_word' id='word_1_266' title='bbox 1076 5499 1197 5580; x_wconf 76' lang='lat' dir='ltr'>farem</span> <span class='ocrx_word' id='word_1_267' title='bbox 1217 5499 1339 5581; x_wconf 89' lang='lat' dir='ltr'>soluat</span> <span class='ocrx_word' id='word_1_268' title='bbox 1359 5500 1502 5580; x_wconf 91' lang='lat' dir='ltr'>solidos</span> <span class='ocrx_word' id='word_1_269' title='bbox 1520 5529 1555 5580; x_wconf 81' lang='lat' dir='ltr'>x.</span> <span class='ocrx_word' id='word_1_270' title='bbox 1576 5519 1613 5578; x_wconf 91' lang='lat' dir='ltr'>et</span> <span class='ocrx_word' id='word_1_271' title='bbox 1633 5500 1663 5579; x_wconf 88' lang='lat' dir='ltr'>si</span> <span class='ocrx_word' id='word_1_272' title='bbox 1677 5499 1771 5579; x_wconf 91' lang='lat' dir='ltr'>ultra</span> <span class='ocrx_word' id='word_1_273' title='bbox 1790 5526 1907 5578; x_wconf 92' lang='lat' dir='ltr'>unum</span> <span class='ocrx_word' id='word_1_274' title='bbox 1926 5498 2049 5578; x_wconf 83' lang='lat' dir='ltr'>faxem</span> 
     </span>
    </p>
   </div>
   <div class='ocr_carea' id='block_1_11' title="bbox 0 0 2404 6694">
    <p class='ocr_par' dir='ltr' id='par_1_12' title="bbox 0 0 2404 6694">
     <span class='ocr_line' id='line_1_28' title="bbox 0 0 2404 6694; baseline 0 0"><span class='ocrx_word' id='word_1_275' title='bbox 0 0 2404 6694; x_wconf 95' lang='lat' dir='ltr'> </span> 
     </span>
    </p>
   </div>
  </div>
 </body>
</html>
