4800 6698
398 571 473 616 cum
497 519 612 616 ouibus
635 549 756 637 aliquas
782 569 892 636 capras
915 565 1022 614 tenere
1045 545 1098 613 uel
1121 546 1236 613 ducere
1258 543 1317 612 sub
1339 561 1420 633 pena
1443 562 1507 632 pro
1528 541 1666 631 qualibet
1688 565 1781 635 capra
1803 560 1835 611 et
1858 542 1995 632 qualibet

399 708 471 774 uice
494 704 671 774 solidorum
694 729 715 772 v
739 723 770 773 et
793 704 923 794 quilibet
946 706 1048 794 possit
1070 726 1218 774 accusare
1248 725 1324 771 cum
1350 703 1537 770 ‘iuramento
1562 716 1594 767 et
1624 699 1775 770 habeatur
1798 717 1830 770 et
1850 718 1995 771 teneatur

399 867 521 954 priuata
545 880 577 931 et
599 879 739 953 potestas
762 864 922 952 inquirere
947 863 986 931 ad
1008 861 1100 931 suam
1123 862 1333 931 uoluntatem.

204 1375 250 1453 18
257 1399 274 1477 3
381 1284 499 1453 DE
526 1358 662 1445 UINO
688 1355 979 1441 EXTRANEO
1006 1354 1127 1440 NON
1152 1352 1437 1438 DUCENDO.·

446 1578 640 1782 ΕΜ
668 1702 846 1764 statutum
875 1703 931 1764 est
963 1683 1065 1789 quod
1098 1683 1219 1788 aliqua
1255 1710 1414 1788 persona
1432 1720 1435 1742 2
1452 1701 1624 1764 extranea
1650 1683 1712 1764 uel
1743 1685 1884 1789 priuata
1916 1711 1995 1764 non

287 1892 288 1895 κ
398 1844 519 1949 possit
536 1869 605 1922 nec
624 1843 757 1947 debeat
775 1842 919 1922 ducere.
940 1849 1001 1922 uel
1028 1841 1111 1922 duci
1132 1840 1249 1921 lacere
1268 1841 1400 1922 uinum
1419 1860 1638 1922 extraneum
1665 1841 1712 1923 de
1741 1862 1843 1923 extra
1865 1842 1994 1952 uillam

399 1999 627 2080 baennarum
663 2001 701 2080 in
730 1999 895 2080 baennis.
934 2020 971 2080 et
1008 2001 1071 2105 qui
1109 1998 1365 2079 contrafecerit
1403 1999 1526 2079 soluat
1551 2026 1620 2105 pro
1658 2000 1821 2106 qualibet
1857 2021 1994 2084 carrata

400 2156 545 2238 solidos
571 2182 597 2238 c
617 2174 790 2239 ⁴astenses
809 2176 846 2237 et
865 2159 988 2263 siqua
1015 2183 1175 2261 persona
1202 2156 1335 2236 emerit
1353 2154 1401 2236 de
1420 2156 1546 2261 aliquo
1565 2158 1656 2236 uino
1685 2175 1865 2239 extraneo
1891 2158 1994 2262 quod

400 2314 553 2396 ductum
581 2336 679 2397 esset
707 2317 746 2395 in
773 2315 928 2396 baennis
956 2314 1078 2395 soluat
1104 2341 1174 2420 pro
1201 2340 1296 2419 pena
1332 2313 1478 2395 solidos
1513 2340 1566 2394 xx
1593 2316 1747 2420 quocies
1773 2315 1910 2396 lecerit.
1947 2317 1994 2396 Et

397 2474 471 2554 hoc
494 2475 548 2554 sit
574 2473 621 2554 ad
649 2472 884 2554 uoluntatem
911 2471 1092 2553 conscilii.
1123 2491 1160 2552 et
1188 2470 1342 2577 quilibet
1369 2471 1490 2553 homo
1518 2471 1618 2552 bone
1645 2471 1742 2552 fame
1769 2475 1889 2578 possit
1908 2473 1994 2555 inde

399 2657 581 2711 accusate.
611 2649 649 2710 et
675 2631 710 2711 ei
737 2631 948 2711 iuramento
991 2628 1169 2709 credatur.
1198 2648 1236 2709 et
1263 2627 1397 2709 habeat
1436 2629 1585 2709 tertiam
1625 2648 1769 2734 partem
1806 2630 1929 2711 banni.
1958 2651 1996 2713 et

396 2807 563 2893 potestas
591 2789 711 2892 possit
737 2787 824 2867 inde
844 2787 1038 2893 inquirere.
1058 2787 1105 2867 Et
1124 2785 1226 2892 quod
1247 2786 1278 2866 si
1295 2786 1524 2891 contingerit
1550 2786 1713 2891 aliquam
1731 2815 1931 2894 personam
1950 2789 1996 2870 li-

398 2946 549 3026 centiati
579 2972 644 3050 pet
671 2945 892 3026 conscilium
911 2948 1137 3024 baennarum
1158 2944 1318 3025 ducendi
1337 2944 1469 3024 uinum
1489 2963 1705 3026 extraneum
1724 2947 1763 3025 in
1780 2946 1870 3028 uilla
1888 2946 1995 3027 baen-

397 3131 543 3184 narum.
572 3102 675 3210 quod
701 3122 835 3209 postea
863 3102 971 3182 liceat
998 3101 1150 3182 cuilibet
1177 3127 1337 3208 persone
1357 3102 1585 3183 baennarum
1613 3103 1747 3184 ducere
1774 3105 1906 3185 uinum
1934 3132 1996 3186 ex·

397 3283 568 3343 traneum
597 3263 635 3341 in
662 3261 792 3342 uillam
821 3259 1047 3341 baennarum
1066 3261 1112 3340 ad
1134 3287 1239 3340 suam
1267 3260 1503 3342 uoluntatem
1523 3262 1675 3367 impune
1703 3261 1805 3342 dicto
1834 3244 1996 3370 capitulo

398 3449 476 3501 non
505 3424 678 3501 obstante
706 3448 770 3525 per
797 3438 922 3500 totum
950 3420 1136 3523 regimem
1173 3418 1272 3499 illius
1308 3421 1408 3499 anni.
1437 3420 1484 3500 Et
1512 3421 1544 3500 si
1569 3448 1635 3526 per
1660 3438 1889 3526 potestatem
1916 3450 1995 3503 non

398 3578 506 3688 fuerit
535 3579 775 3658 obseruatum
812 3602 965 3682 presens
1001 3575 1226 3695 capitulum..
1245 3576 1393 3658 amittat
1417 3576 1473 3656 de>
1497 3597 1568 3658 suo
1594 3577 1728 3659 salario
1756 3577 1866 3659 libras
1893 3608 1929 3659 x.
1959 3545 1998 3662 et
2033 3638 2035 3642 -

363 3846 366 3851 Ι
397 3737 471 3817 hoc
499 3763 577 3815 non
605 3722 939 3840 possitremoueri
981 3733 1164 3814 conscilio
1205 3733 1266 3814 uel
1287 3732 1369 3840 alio
1397 3733 1529 3815 modu.
1559 3755 1596 3815 et
1623 3734 1725 3839 quod
1761 3763 1840 3816 non
1877 3738 1995 3841 possit

376 3894 557 4000 ¹proponi
585 3895 624 3974 in
652 3893 833 3975 conscilio
861 3893 1089 3972 baennarum
1119 3955 1127 3971 .
1158 3890 1205 3971 de
1231 3892 1323 3971 uino
1352 3910 1528 3973 extraneo
1547 3891 1806 3974 disbaniendo.
1835 3893 1926 3974 dum
1945 3921 1996 3974 re·

398 4054 576 4158 periretur
603 4053 734 4132 uinum
763 4053 801 4132 in
828 4050 916 4131 uilla
949 4049 1177 4130 baennarum
1202 4048 1440 4130 sufficienter.
1470 4068 1507 4130 et
1534 4050 1606 4131 nisi
1632 4051 1734 4156 prius
1768 4061 1996 4133 recercatum

398 4211 505 4292 foret.
534 4237 606 4316 que
633 4209 835 4289 recercatio
862 4207 943 4288 fieri
969 4206 1104 4287 debeat
1132 4207 1227 4287 sicut
1256 4233 1322 4312 per
1357 4206 1579 4288 conscilium
1619 4207 1847 4290 baennarum
1887 4207 1996 4291 fuerit

398 4367 626 4449 ordinatum.
660 4385 700 4452 Et
722 4383 863 4474 quelibet
884 4404 1022 4472 persona
1042 4403 1104 4471 pro
1117 4380 1260 4472 qualibet
1282 4380 1383 4450 bestia
1404 4381 1576 4471 ponderata
1590 4381 1696 4450 soluat
1716 4382 1838 4451 solidos
1854 4407 1896 4450 xx
1911 4401 1942 4451 et
1956 4383 1996 4450 ad

399 4543 533 4612 dorsum
558 4541 680 4610 solidos
702 4565 733 4609 x.
758 4542 796 4608 Et
810 4539 899 4630 quod
921 4557 1061 4630 potestas
1084 4541 1118 4608 in
1141 4540 1301 4628 principio
1323 4541 1373 4608 sui
1394 4540 1565 4628 regiminis
1588 4539 1749 4609 attendere
1772 4539 1893 4608 dictum
1916 4543 1998 4629 capi-

398 4657 502 4770 tulum
526 4718 557 4769 et
581 4699 751 4769 observare
774 4701 956 4767 iuramento
977 4714 1132 4765 teneatur.
1167 4696 1258 4764 saluo
1289 4696 1378 4787 quod
1405 4696 1707 4788 quelibetpersona
1729 4699 1770 4767 de
1792 4698 1922 4767 baennis
1944 4699 1996 4766 uel

399 4860 444 4928 ibi
467 4857 612 4927 habitans
634 4858 737 4947 possit
759 4872 905 4946 aportare
927 4854 980 4923 uel
1001 4855 1140 4944 aportati
1163 4853 1266 4923 bcere
1287 4854 1328 4923 de
1350 4810 1438 4924 licto
1461 4857 1540 4926 uiuo
1554 4858 1589 4925 in
1611 4857 1696 4925 botis
1719 4857 1771 4927 uel
1794 4857 1920 4926 barletis
1943 4879 1995 4925 oo

396 5019 526 5086 cesione
548 5015 741 5084 infirmitatis
765 5013 816 5081 uel
839 5013 898 5081 alia
921 5014 1125 5083 neccessitate
1147 5014 1216 5080 sine
1238 5034 1318 5102 pena
1340 5031 1372 5081 et
1395 5012 1511 5082 banno.
