4800 6698
543 530 611 608 pro
638 501 805 608 quolibet
831 500 906 582 alio
934 499 1157 581 ferramento
1195 525 1330 602 grosso
1371 498 1543 589 totidem.
1573 518 1609 579 et
1637 499 1684 578 de
1712 497 1942 580 ferramentis
1968 504 2133 584 menutis

544 659 786 741 clauellorum
813 660 880 768 (7)
909 679 945 740 et
973 685 1164 764 maparum
1192 658 1260 765 (8)
1288 677 1325 737 et
1353 655 1535 745 similibus
1574 658 1747 738 denarios
1782 685 1832 738 un
1860 687 1928 764 pro
1966 659 2067 741 libra.
2096 679 2134 741 et

543 847 611 923 pro
640 817 832 898 calciatura
859 816 945 898 xole
974 817 1041 924 (9)
1082 815 1225 896 solidos
1253 843 1289 897 ιι.
1319 835 1356 896 et
1383 843 1451 930 pro
1488 816 1623 899 factura
1660 816 1748 897 xole
1786 845 1884 897 noue
1901 813 1903 817 '
1922 817 2066 937 solidos
2093 846 2131 900 111

544 996 580 1056 et
607 1004 675 1082 pro
703 975 840 1056 factura
858 976 1021 1056 manerie
1040 1002 1139 1055 noue
1159 974 1302 1056 solidos
1320 1003 1355 1054 V.
1378 995 1413 1054 et
1433 1002 1501 1079 pro
1520 975 1713 1055 calciatura
1733 978 1897 1056 manerie
1917 977 2061 1058 solidos
2079 1005 2130 1058 1111

545 1154 581 1215 et
608 1162 676 1240 pro
703 1134 870 1240 quolibet
898 1161 945 1214 ex
972 1133 1081 1214 dictis
1108 1134 1337 1213 ferramentis
1364 1152 1530 1224 teneatur
1558 1133 1721 1214 amol'are
1751 1138 1792 1249 (t
1798 1135 1844 1242 o)
1872 1136 2000 1215 omnia
2029 1134 2134 1215 ferra·

545 1311 671 1372 menta
703 1291 865 1398 predicta
892 1320 961 1397 pro
987 1293 1112 1397 precio
1148 1290 1369 1397 supradicto.
1400 1312 1436 1371 et
1464 1293 1494 1372 si
1523 1293 1605 1397 quis
1642 1290 1808 1373 ferrarius
1845 1263 1969 1372 fecerit
2006 1312 2133 1373 contra
2172 1382 2173 1385 q

547 1449 708 1556 predicta
737 1450 796 1529 uel
824 1449 961 1555 aliquid
989 1449 1251 1555 predictorum.
1282 1449 1341 1529 uel
1369 1450 1517 1553 pecierit
1547 1450 1640 1529 ultra
1668 1451 1704 1530 id
1733 1452 1834 1555 quod
1854 1452 2059 1555 predictum
2080 1470 2135 1531 est

547 1609 667 1689 soluat
695 1636 762 1714 pro
789 1635 893 1712 pena
912 1635 979 1712 pro
1007 1606 1174 1712 quolibet
1202 1627 1239 1686 et
1267 1606 1427 1711 qualibet
1454 1609 1535 1688 uice
1572 1610 1725 1712 quocies
1767 1608 2022 1690 contrafecerit
2050 1609 2135 1689 soli·

546 1767 618 1847 dos
644 1795 680 1846 V.
711 1768 756 1846 Et
783 1784 950 1847 teneatur
978 1765 1131 1870 quilibet
1159 1792 1204 1845 ex
1232 1766 1342 1846 dictis
1369 1765 1524 1851 ferrariis
1542 1786 1668 1847 tenere
1687 1785 1771 1846 toto
1791 1795 1891 1846 anno
1911 1766 2135 1847 sufficienter

545 1923 745 2004 carbonem
774 1951 882 2004 causa
910 1922 1119 2003 fabricandi.
1150 1924 1195 2002 Et
1223 1922 1375 2027 quilibet
1403 1906 1450 2003 en
1477 1923 1585 2003 dictis
1613 1922 1768 2004 ferrariis
1795 1926 1857 2029 qui
1887 1927 2027 2004 steterit
2056 1925 2134 2005 sine

546 2085 705 2162 carbone
733 2081 827 2162 ultra
854 2100 928 2161 tres
955 2081 1036 2162 dies
1063 2101 1100 2160 et
1127 2082 1366 2161 recussauerit
1394 2079 1566 2161 fabricare
1590 2108 1635 2160 ex
1655 2081 1821 2161 districtu
1850 2081 1938 2187 (11)
1966 2081 2137 2163 carbonis

546 2239 640 2321 ultra
666 2239 784 2320 dictas
811 2259 885 2320 tres
899 2239 992 2320 dies.
1022 2238 1195 2320 eamdem
1213 2265 1348 2345 penam
1368 2240 1528 2319 incurrat
1556 2240 1709 2344 quocies
1728 2239 1996 2320 contrafactum
2015 2239 2135 2320 fuerit.
2216 2294 2219 2298 »

545 2399 592 2479 Et
619 2398 798 2479 dominus
824 2414 990 2503 potestas
1018 2414 1185 2477 teneatur
1212 2416 1411 2502 postquam
1440 2397 1612 2477 iurauerit
1644 2397 1814 2500 regimen
1843 2397 1933 2477 infra
1965 2425 2136 2478 mensem

547 2584 663 2637 unum
701 2556 818 2636 facere
851 2557 966 2636 iurare
1000 2582 1134 2636 omnes
1172 2554 1341 2639 ferrarios
1375 2556 1572 2637 obseruare
1607 2556 1781 2661 predicta.
1811 2557 1857 2636 Et
1884 2554 1931 2634 de
1963 2555 2137 2660 predictis
2168 2604 2171 2612 ·

548 2716 725 2795 omnibus
752 2734 789 2794 et
817 2713 975 2818 singulis
1002 2714 1164 2819 quelibet
1191 2741 1350 2819 persona
1377 2715 1496 2819 possit
1515 2713 1601 2794 inde
1620 2740 1789 2794 accusare
1809 2732 1845 2793 et
1864 2715 1899 2793 ei
1927 2715 2137 2794 iuramento

548 2874 714 2954 credatur
741 2891 778 2953 et
806 2872 983 2953 dominus
1010 2890 1176 2978 potestas
1203 2890 1371 2971 teneatur
1399 2872 1485 2952 inde
1513 2873 1708 2978 inquirere.

546 3352 659 3521 DE
686 3431 871 3517 BESTIIS
897 3433 1017 3520 NON
1042 3436 1359 3526 PASCUANDIS
1384 3443 1441 3528 IN
1473 3443 1774 3536 NEMORIBUS
1800 3449 2015 3538 INCISSIS.

608 3647 785 3852 ἔξω
813 3730 992 3792 statutum
1008 3672 1067 3792 'est
1085 3710 1187 3816 quod
1206 3711 1237 3790 si
1255 3710 1393 3816 aliquid
1412 3737 1547 3790 nemus
1573 3712 1750 3791 incissum
1779 3709 1886 3790 fuerit
1913 3711 1952 3790 in
1980 3738 2135 3793 nemore

546 3873 666 3954 deferri
696 3872 860 3953 seriatim
887 3890 1010 3951 totum
1039 3869 1266 3974 ysolegnum
1310 3869 1416 3976 (12).
1458 3868 1559 3973 quod
1589 3869 1626 3948 in
1655 3869 1802 3988 duobus
1829 3870 1936 3950 annis
1962 3870 2133 3974 proxime

547 4008 867 4136 subsequentibus.
895 4028 1015 4136 aliqua
1043 4055 1202 4134 persona
1244 4054 1322 4107 non
1350 4023 1489 4107 audeat
1509 4026 1570 4107 uel
1597 4045 1785 4132 presumat
1826 4026 1960 4108 ducere
1993 4027 2134 4133 aliquas

547 4190 683 4270 bestias
708 4188 756 4269 ad
783 4187 1034 4294 pascuandmn
1063 4187 1102 4266 in
1130 4150 1245 4267 dicto¹
1267 4212 1423 4266 nemore
1465 4184 1602 4264 incisso
1632 4184 1699 4264 sub
1727 4211 1821 4290 pena
1850 4203 1886 4265 et
1913 4186 2039 4265 banno
2065 4211 2133 4291 pro

547 4346 708 4454 qualibet
735 4346 853 4427 bestia
872 4373 1003 4450 grossa
1021 4345 1257 4425 denariorum
1278 4371 1316 4425 vt
1336 4362 1373 4423 et
1399 4342 1560 4423 totidem
1587 4370 1657 4447 pro
1685 4343 1843 4422 emenda
1870 4369 1980 4448 passo
2009 4342 2136 4464 damp

547 4533 650 4587 num.
670 4525 707 4586 et
725 4531 793 4611 pro
812 4504 973 4609 qualibet
997 4504 1113 4584 bestia
1140 4521 1293 4582 menuta
1322 4501 1562 4582 denariorum
1581 4527 1633 4582 1n1
1653 4518 1690 4580 et
1709 4500 1869 4581 totidem
1888 4527 1957 4606 pro
1976 4499 2136 4581 emenda

513 4628 516 4633 .
545 4691 657 4771 passo
684 4664 901 4769 dampnmn.
922 4649 976 4743 'Et
1003 4661 1166 4768 quelibet
1193 4687 1353 4767 persona
1371 4660 1490 4766 possit
1510 4658 1597 4739 inde
1616 4686 1786 4739 accusare
1805 4678 1842 4739 et
1862 4660 1896 4739 ei
1923 4660 2133 4739 iuramento

547 4823 713 4903 credatur
741 4839 777 4902 et
804 4821 937 4901 habeat
963 4820 1113 4901 tertiam
1138 4837 1282 4929 partem
1311 4818 1434 4898 banni.
