4800 6698
562 500 725 606 piscandi
753 501 791 580 in
817 499 892 581 fine
920 487 1123 581 bennarum
1154 499 1252 606 lequi
1289 499 1348 580 uel
1386 463 1628 605 costamagne
1666 495 1755 580 illud
1793 499 1924 581 debeat
1960 501 2149 585 destruere

563 675 600 737 et
626 647 800 738 amouere
829 683 893 738 seu
920 656 1058 738 destrui
1086 675 1122 738 et
1148 657 1316 737 amoueri
1348 656 1465 737 lacere
1492 655 1578 738 hinc
1605 656 1652 737 ad
1680 657 1893 762 proximum
1927 655 2062 738 festum
2089 684 2150 763 pa·

564 814 683 894 scaris.
712 833 749 895 et
774 815 894 920 pisces
921 814 983 920 qui
1010 815 1049 895 in
1076 814 1184 895 dictis
1210 814 1372 919 ingeniis
1399 812 1490 894 infra
1517 813 1658 894 dictum
1681 814 1882 895 terminum
1901 813 1996 919 capti
2015 812 2150 894 fuerint

563 989 727 1074 aportare
747 997 810 1051 seu
829 972 987 1076 aportari
1005 973 1121 1052 lacere
1139 989 1306 1052 teneatur
1328 970 1367 1051 in
1386 969 1513 1050 uillam
1533 972 1735 1051 bennatum
1760 988 1797 1049 et
1816 996 1882 1052 eos
1901 970 1951 1049 ibi
1975 969 2147 1052 uendere.

380 1342 429 1420 88
545 1289 746 1496 Qrou
787 1369 1052 1453 Porusms
1091 1372 1210 1455 nou
1250 1371 1427 1454 rossrr
1462 1373 1701 1455 nonusis
1736 1373 1972 1455 commus
2007 1375 2134 1456 uuu-

701 1525 823 1608 uos
853 1525 1094 1611 nisurus.

605 1707 707 1909 yffi
721 1817 800 1887 risu
819 1825 996 1886 statutum
1015 1826 1071 1904 est
1089 1807 1189 1912 quod
1216 1825 1382 1913 potestas
1395 1834 1473 1888 non
1486 1809 1606 1913 possit
1633 1809 1779 1889 mittere
1796 1808 1958 1915 aliquem
1977 1811 2149 1906 nuntium

564 1964 733 2067 expensis
760 1963 931 2043 comunis
958 1963 1161 2043 bennatum
1187 1963 1324 2068 absque
1351 1963 1543 2046 uoluntate
1579 1964 1743 2069 conscilii
1773 1964 1833 2053 uel
1856 1966 2008 2046 maioris
2038 1967 2150 2072 partis

563 2120 622 2200 uel
651 2120 876 2200 sindicorum
904 2119 992 2200 dicti
1020 2121 1202 2200 comunis.

380 2490 429 2590 ⁸9
545 2454 746 2663 Qroo
773 2535 1031 2619 crurum
1057 2537 1479 2624 mrrrrrorrnun
1513 2539 1688 2623 snrurs
1718 2539 1916 2626 rutubus
1943 2543 2011 2624 rr
2038 2544 2133 2627 rro-

700 2694 925 2790 norurrus
955 2694 1313 2797 urusuussnu
1343 2695 1598 2781 runcurs.
1630 2697 1698 2806 (3)

610 2856 799 3058 ffirmr
826 2977 1003 3040 statutum
1026 2976 1082 3038 est
1105 2958 1206 3063 quod
1234 2959 1362 3039 omnia
1390 2958 1545 3063 capitula
1573 2960 1811 3065 suprascripta
1838 2960 1898 3041 uel
1926 2960 2150 3067 infrascripta

563 3116 815 3221 intelligantur
844 3134 881 3196 et
908 3115 1149 3222 obseruentur
1177 3114 1288 3196 saluis
1316 3115 1523 3197 honoribus
1551 3134 1587 3196 et
1620 3116 1757 3197 iuribus
1783 3081 2019 3199 illustrissimi
2046 3119 2149 3224 prin-

563 3275 653 3379 cipis
684 3292 720 3354 et
752 3273 827 3354 suis
854 3272 1080 3354 libertatibus
1107 3291 1144 3353 et
1171 3273 1351 3378 preceptis
1378 3292 1414 3353 et
1442 3273 1608 3378 capitulis
1642 3273 1795 3355 ecclesie
1828 3273 1895 3382 (4)
1928 3293 1965 3355 et
1995 3275 2042 3356 de
2074 3302 2149 3356 ma·

563 3429 691 3511 leficiis
718 3429 872 3511 offensis
898 3429 945 3510 de
964 3429 1096 3535 quibus
1121 3455 1216 3535 pena
1235 3430 1272 3509 in
1296 3418 1464 3534 capitulis
1488 3456 1566 3510 non
1594 3432 1804 3511 continetur
1830 3432 1957 3536 puniat
1983 3450 2149 3537 potestas

562 3585 802 3692 personaliter
828 3585 889 3666 uel
915 3585 1173 3691 peccunialiter
1201 3585 1415 3666 secundum·
1431 3586 1489 3667 ius
1507 3603 1544 3666 et
1562 3587 1871 3667 consuetudinem
1898 3587 2037 3668 bonam
2060 3588 2147 3669 ben·

562 3771 704 3824 narum.
732 3743 805 3858 hoc
823 3762 949 3824 tamen
969 3742 1072 3823 saluo
1091 3761 1128 3822 et
1146 3742 1336 3823 intellecto
1364 3742 1465 3848 quod
1492 3761 1690 3849 postquam
1718 3743 1874 3849 capitula
1898 3744 1991 3825 lacta
2013 3744 2148 3826 fuerint

562 3928 625 4007 per
639 3900 896 4006 capitulatores
910 3918 947 3980 et
961 3898 1180 3980 confirmata·
1195 3925 1260 4004 per
1277 3898 1566 3979 illustrissimum
1579 3900 1781 4005 principem
1800 3901 1857 3980 uel
1879 3902 1957 3982 eius
1970 3903 2148 3983 uicarium

563 4060 600 4139 in
627 4057 807 4164 principio
842 4057 1034 4162 regiminis
1067 4082 1144 4137 non
1172 4057 1289 4161 possit
1321 4075 1451 4161 postea
1484 4057 1618 4137 mutari
1655 4058 1786 4138 cassari
1818 4057 1878 4138 uel
1909 4059 2079 4165 restringi
2108 4061 2148 4141 in

446 4232 448 4236 ’
562 4214 686 4322 aliquo
719 4241 783 4321 per
813 4233 1036 4320 potestatem
1075 4213 1134 4294 uel
1171 4213 1250 4294 eius
1285 4212 1603 4295 locumtenentem
1635 4214 1788 4295 durante
1820 4215 1918 4296 illius
1953 4217 2148 4321 potestatis

562 4358 743 4477 regimine
771 4372 833 4477 qui
861 4399 927 4476 pro
955 4391 1122 4475 ternpore
1149 4369 1267 4452 fuerit.

380 4811 430 4888 9⁰
542 4748 653 4915 Dr
678 4828 915 4913 nnuour
940 4829 1107 4913 uum
1134 4766 1423 4916 munuum.

607 4991 798 5196 Quen
825 5120 1002 5183 statutum
1031 5119 1087 5181 est
1114 5099 1214 5206 quod
1242 5100 1396 5206 quilibet
1422 5099 1601 5182 collector
1628 5101 1780 5182 alicuius
1807 5101 1902 5183 talee
1929 5120 2095 5184 teneatur
2109 5121 2146 5183 et

561 5260 692 5341 debeat
719 5259 835 5341 lacere
862 5261 1045 5340 rationem
1072 5258 1119 5339 de
1146 5260 1224 5364 ipsa
1251 5258 1345 5339 talea
1372 5284 1443 5365 que
1471 5257 1539 5339 sibi
1572 5257 1655 5338 data
1682 5257 1789 5339 luerit
1815 5258 1861 5339 ad
1889 5259 2145 5364 colligendum

560 5416 651 5498 inira
677 5444 847 5499 mensem
878 5444 995 5497 unum
1022 5435 1108 5523 post
1138 5417 1339 5497 terminum
1371 5417 1614 5497 constitutum
1641 5416 1687 5497 ad
1720 5415 1971 5521 colligendam
2008 5416 2145 5498 dictam
