4800 6696
229 639 298 741 385
428 593 505 715 DE
525 659 687 715 PERSONA
708 659 781 723 QUE
800 658 1023 713 UIOLAUERIT
1043 659 1212 722 ALIQUAM
1232 659 1407 712 FEMINAM.

490 851 651 1053 Quen
675 986 826 1035 statutum
851 986 897 1034 est
922 967 1058 1055 quodsi
1081 966 1192 1054 aliquis
1217 966 1318 1032 homo
1342 965 1381 1031 de
1405 966 1536 1032 baennis
1553 966 1603 1031 uel
1619 966 1663 1031 ibi
1686 965 1829 1033 habitans
1853 966 2020 1034 uiolauerit

423 1133 479 1175 seu
502 1109 622 1176 uiolare
645 1109 781 1176 uoluerit
805 1109 941 1197 aliquam
967 1107 1120 1175 seminam
1144 1107 1246 1174 soluat
1270 1130 1328 1194 pro
1352 1106 1495 1195 quolibet
1519 1126 1548 1173 et
1572 1106 1710 1196 qualibet
1734 1110 1804 1174 uice
1835 1107 1955 1175 solidos
1979 1131 2018 1176 tx

423 1270 564 1318 astenses
589 1253 616 1316 si
640 1253 699 1317 erit
723 1250 864 1317 meletris
888 1269 917 1316 et
941 1248 1026 1337 quod
1050 1251 1091 1315 sit
1115 1248 1260 1314 meletrix
1284 1247 1429 1315 credatur
1444 1248 1544 1314 tribus
1561 1248 1746 1315 hominibus
1763 1271 1821 1314 suo
1837 1250 2018 1316 iuramento

424 1396 450 1460 si
475 1417 545 1460 eam
569 1393 732 1460 carnaliter
760 1393 977 1480 cognouerint.

429 1755 509 1878 DE
527 1823 691 1877 PERSONA
711 1823 858 1877 CITATA.

560 2020 585 2114 ll

492 2015 652 2216 Quasi
675 2130 807 2197 addatur
830 2130 969 2218 capitulo
993 2132 1082 2196 cuius
1107 2129 1242 2197 Rubrica
1268 2151 1314 2197 est
1338 2131 1376 2198 de
1400 2154 1534 2219 persona
1549 2134 1658 2198 citata
1682 2132 1737 2222 (2)
1760 2133 1846 2219 quod
1870 2135 1896 2198 si
1921 2157 2019 2220 quan·

426 2275 498 2340 titas
521 2272 618 2339 debiti
643 2272 735 2338 fuerit
759 2271 935 2338 solidorum
960 2295 981 2336 v
1004 2271 1056 2337 uel
1079 2271 1157 2338 infra
1181 2273 1283 2338 soluat
1306 2271 1446 2339 solidum
1471 2296 1490 2340 1.
1509 2291 1539 2339 et
1563 2272 1602 2339 de
1626 2272 1736 2340 solidis
1760 2298 1780 2338 v
1805 2297 1897 2362 supra
1920 2257 2020 2362 usque

426 2416 460 2479 in
483 2411 602 2479 solidos
625 2438 645 2478 x
669 2413 771 2478 soluat
795 2411 915 2478 solidos
931 2434 962 2478 11.
980 2430 1010 2478 et
1034 2412 1071 2478 de
1095 2411 1205 2478 solidis
1227 2435 1247 2478 x
1268 2435 1360 2500 supra
1385 2413 1487 2479 soluat
1516 2413 1636 2480 solidos
1660 2437 1703 2481 111.
1728 2432 2019 2503 quantumcumque

426 2555 518 2621 fuerit
542 2557 708 2643 quantitas.

427 2894 525 3062 (DE
546 2986 687 3040 ACCUSA
707 2986 810 3039 DATA
829 2986 894 3039 PER
914 2985 1110 3039 EXEMPLUM
1131 3029 1136 3040 .

493 3176 652 3376 ἔξω(
677 3292 808 3360 addatur
831 3292 968 3380 capitulo
992 3294 1080 3358 cuius
1104 3291 1227 3358 rubrica
1252 3311 1299 3357 est
1322 3293 1361 3359 de
1384 3315 1496 3360 accusa
1520 3292 1589 3360 data
1613 3317 1668 3381 per
1691 3294 1873 3382 exemplum
1907 3295 1962 3386 (3)
1985 3299 2018 3362 in

427 3433 489 3500 fine
513 3434 589 3501 dicti
613 3435 740 3523 capituli
764 3436 832 3501 siue
855 3452 994 3500 mutetur
1028 3435 1095 3499 siue
1130 3456 1194 3500 non
1218 3433 1300 3500 dicta
1324 3457 1432 3500 acussa
1457 3437 1490 3502 in
1514 3435 1596 3501 libro
1620 3435 1706 3522 quod
1729 3459 1839 3504 acussa
1862 3460 1923 3525 que
1947 3437 2019 3505 data

428 3595 510 3643 esset
533 3599 589 3663 per
612 3575 796 3663 exemplum
821 3574 921 3641 ualeat
945 3593 976 3640 et
999 3574 1104 3640 eidem
1128 3573 1218 3640 detur
1242 3574 1319 3640 fides
1343 3594 1373 3641 et
1397 3576 1486 3642 alteri
1512 3599 1577 3643 non
1601 3595 1632 3643 et
1656 3577 1740 3644 idern
1764 3577 1957 3666 intelligatur
1980 3577 2019 3648 de

428 3716 578 3783 omnibus
602 3716 802 3804 processibus
826 3736 857 3782 et
881 3717 1007 3782 acussis.

430 4053 599 4244 (Quos
618 4154 827 4209 strennua
845 4154 923 4207 uuo
948 4138 1107 4209 noniuss
1125 4155 1172 4207 ur
1196 4154 1388 4210 consertio
1409 4156 1472 4220 Qui
1492 4157 1660 4210 utaentur
1684 4156 1742 4209 raa
1766 4156 1843 4211 cun
1862 4133 2019 4212 ‚DECIMA-

590 4278 744 4332 ronnsus
766 4279 816 4331 nn
837 4278 1076 4332 corissuuun
1103 4278 1287 4333 nucinas

496 4462 656 4663 &aaa
680 4596 831 4644 statutum
855 4595 901 4643 est
924 4577 1010 4665 quod
1034 4576 1190 4666 eligantur
1213 4577 1276 4643 duo
1312 4578 1460 4644 homines
1496 4602 1533 4645 ex
1568 4578 1630 4645 illis
1654 4578 1693 4646 de
1716 4579 1871 4647 conscilio
1894 4582 1949 4668 qui
1972 4598 2019 4648 te·

430 4738 563 4786 neantur
586 4738 617 4785 et
640 4718 773 4785 debeant
797 4720 842 4785 ire
865 4741 938 4784 curn
963 4710 1209 4784 decimatoribus
1233 4718 1358 4784 domini
1383 4721 1523 4808 episcopi
1547 4739 1579 4787 et
1601 4720 1733 4787 ecclesie
1758 4722 1955 4788 Baennarum
1979 4722 2035 4793 ad.

430 4861 633 4950 coligendum
657 4860 796 4928 decimas
819 4859 989 4925 hominum
1014 4858 1207 4926 baennarum
1231 4861 1286 4948 qui
1310 4860 1374 4927 duo
1398 4860 1501 4927 ellecti
1535 4861 1667 4928 habeant
1691 4881 1723 4928 et
1746 4862 1859 4929 habere
1884 4861 2018 4930 debeant

392 5060 396 5066 .
432 5003 532 5070 silicet
554 5001 685 5091 quilibet
709 5005 853 5097 ipsorum
877 5023 935 5089 pro
960 5003 1027 5067 eius
1051 5001 1165 5067 salario
1187 5024 1245 5089 pro
1261 5001 1398 5090 qualibet
1415 5001 1465 5068 die
1482 5026 1542 5091 qua
1559 5005 1653 5070 iuerit
1669 5002 1789 5070 solidos
1806 5025 1851 5071 1111
1867 5021 2017 5071 astenses.
