4800 6698
386 677 455 756 115
578 585 780 792 QJOD
810 662 1055 745 CAMPARH
1082 661 1402 744 TENEANTUR
1429 660 1511 743 IRE
1538 659 1610 741 AD
1647 658 1835 742 EORUM
1863 658 2166 742 CAMPARIAS.

694 964 818 1058 {Ten
847 987 1026 1048 statutum
1060 987 1115 1048 est
1152 968 1254 1073 quod
1287 967 1440 1073 quilibet
1468 970 1529 1072 qui
1559 967 1665 1047 luerit
1699 967 1837 1048 electus
1864 967 1924 1049 uel
1953 972 2177 1051 constitutus

581 1129 786 1231 camparius
814 1130 988 1208 comunis
1015 1128 1241 1206 baennarum
1271 1154 1334 1206 seu
1363 1127 1536 1206 iurauerit
1563 1125 1724 1231 aliquam
1753 1129 1976 1232 campariam
2004 1132 2178 1209 comunis

582 1292 819 1368 baennarum.
849 1307 1017 1367 teneatur
1046 1306 1082 1366 et
1111 1286 1242 1367 debeat
1270 1285 1376 1365 omni
1405 1285 1464 1365 die
1494 1287 1545 1365 ire
1573 1287 1750 1365 continue
1778 1286 1824 1366 ad
1853 1286 1991 1366 dictam
2034 1315 2178 1392 campa·

581 1447 675 1525 riam
704 1445 951 1526 exercendam
979 1464 1065 1524 toto
1093 1464 1264 1548 tempore
1293 1472 1368 1549 quo
1397 1444 1563 1524 debuerit
1583 1472 1663 1524 esse
1683 1446 1888 1549 camparius
1917 1445 1983 1525 sub
2011 1474 2106 1551 pena
2121 1475 2179 1528 so

582 1603 745 1684 lidorum
773 1632 811 1683 111
841 1632 908 1708 pro
937 1602 1104 1708 quolibet
1132 1602 1416 1683 contrafaciente
1445 1621 1481 1682 et
1509 1602 1676 1708 quolibet
1704 1603 1775 1683 die.
1804 1605 1851 1684 Et
1870 1605 1971 1709 quod
1991 1605 2115 1686 nullus
2133 1634 2178 1686 ex

583 1764 690 1842 dictis
719 1763 913 1867 campariis
941 1762 1083 1841 laboret
1111 1760 1171 1841 uel
1199 1761 1364 1841 laborare
1383 1763 1503 1866 possit
1520 1760 1658 1867 aliquid
1678 1762 1724 1841 ad
1745 1790 1853 1842 suurn
1873 1791 1968 1867 opus
1986 1766 2177 1870 proprium

582 1949 651 2002 nec
670 1920 833 2001 alienum
853 1948 959 2026 opus.
980 1922 1052 1999 nisi
1070 1939 1216 1999 tantum
1244 1921 1382 1999 dictam
1406 1922 1628 2024 campariam
1649 1948 1817 2001 exercere
1837 1921 1904 2000 sub
1920 1921 2052 2002 eadem
2070 1950 2177 2027 pena.

497 2181 505 2194 ι
582 2098 619 2159 et
647 2064 947 2182 quilibet'homo
976 2078 1074 2157 bone
1102 2077 1199 2157 lame
1226 2079 1346 2182 possit
1382 2105 1551 2158 accusare
1593 2078 1932 2160 contrafacientem.
1962 2099 1998 2159 et
2027 2082 2060 2159 ei
2088 2082 2180 2161 iura·

582 2255 713 2316 mento
742 2236 908 2316 credatur
937 2256 973 2315 et
1000 2237 1132 2316 habeat
1159 2238 1307 2316 tertiam
1335 2257 1477 2342 partem
1506 2237 1628 2317 banni.
1650 2256 1685 2316 et
1701 2237 1802 2342 quod
1822 2238 1946 2319 nullus
1973 2241 2179 2344 camparius

582 2397 701 2501 possit
729 2395 882 2475 durante
910 2396 1027 2499 prime
1056 2396 1237 2500 camparie
1266 2396 1399 2475 habere
1428 2394 1596 2475 officium
1624 2394 1779 2476 alicuius
1806 2395 1954 2477 alterius
1983 2399 2178 2503 camparie.

552 2823 557 2833 ’
581 2740 693 2906 DE
719 2820 839 2901 NON
866 2819 1049 2900 EUNDO
1077 2819 1171 2901 PER
1202 2818 1437 2900 ALIENUM
1473 2818 1690 2900 PRATUM
1720 2818 1936 2902 TERRAM
1970 2819 2173 2900 UINEAM

739 2979 838 3059 UEL
865 2978 1121 3059 AUTINUM.
1155 2974 1222 3082 (3)

653 3202 723 3371 ql
1321 3292 1328 3306 ·
1816 3293 1823 3306 .
2129 3294 2136 3308 .

699 3318 818 3385 »aren
855 3309 1035 3370 statutum
1065 3310 1120 3370 est
1147 3290 1249 3395 quod
1283 3289 1405 3395 aquua
1431 3318 1589 3396 persona
1617 3319 1695 3370 non
1722 3311 1842 3396 possit
1869 3319 1937 3371 nec
1966 3292 2099 3373 debeat
2127 3319 2178 3373 ire

581 3478 649 3530 nec
676 3451 776 3530 uiam
804 3447 921 3531 facere
950 3476 1036 3528 cum
1064 3476 1167 3528 carro
1195 3475 1361 3529 canusso
1390 3448 1457 3556 (4)
1486 3448 1579 3528 lezia
1598 3448 1665 3555 (5)
1694 3450 1772 3529 siue
1795 3450 1911 3555 plouo
1940 3478 2003 3554 per
2030 3470 2177 3555 pratum

582 3610 659 3689 siue
686 3635 750 3713 per
777 3627 913 3687 terram
949 3606 1112 3687 alienum
1139 3607 1199 3687 uel
1227 3607 1386 3687 alienam
1424 3607 1668 3687 imbrauatam
1696 3607 1763 3714 (6)
1792 3609 1822 3688 si
1854 3610 1991 3713 poterit
2031 3610 2082 3689 ire
2115 3638 2179 3714 per

580 3766 694 3847 alium
723 3766 849 3846 locum
877 3766 935 3845 uel
964 3767 1064 3846 uiam
1098 3792 1312 3845 comunem.
1357 3785 1393 3845 et
1431 3766 1501 3844 nisi
1534 3766 1684 3844 haberet
1717 3767 1773 3846 ius
1806 3785 1842 3846 et
1870 3768 1970 3846 uiam
2004 3768 2115 3847 eundi
2143 3788 2180 3848 et

579 3924 757 4005 redeundi
785 3952 848 4028 per
877 3924 1017 4004 dictum
1045 3945 1192 4029 pratum
1221 3925 1298 4003 siue
1326 3943 1473 4003 terram.
1503 3925 1549 4003 Et
1577 3925 1640 4028 qui
1669 3923 1923 4004 contrafecerit
1962 3926 2082 4006 soluat
2110 3955 2177 4031 pro

579 4111 673 4188 pena
702 4085 856 4187 quocies
884 4083 1010 4163 fecerit
1039 4083 1182 4163 solidos
1223 4110 1248 4163 u
1289 4084 1388 4162 curie
1426 4100 1462 4161 et
1504 4081 1649 4162 solidos
1690 4110 1714 4162 u
1756 4110 1823 4187 pro
1852 4083 2010 4163 emenda
2039 4083 2091 4164 illi
2121 4058 2180 4166 cui

580 4243 785 4347 dampnum
813 4240 931 4320 fuerit.
962 4260 998 4320 et
1026 4239 1179 4345 quilibet
1206 4241 1326 4345 possit
1352 4267 1535 4319 accusare.
1579 4259 1615 4318 et
1658 4242 1867 4321 iuramento
1910 4241 2076 4321 credatur
2122 4271 2179 4322 ac·

582 4401 763 4480 cusationi
792 4426 869 4478 sue.
899 4400 946 4478 Et
972 4399 1073 4503 quod
1102 4398 1264 4502 quelibet
1305 4425 1463 4503 persona
1496 4425 1567 4504 que
1595 4399 1703 4478 iuerit
1731 4425 1796 4478 seu
1833 4400 1933 4478 uiam
1962 4398 2087 4481 fecerit
2113 4429 2178 4506 per

581 4557 740 4638 alienam
769 4557 918 4637 uineam
947 4584 1011 4636 seu
1039 4557 1207 4637 autinum
1236 4557 1358 4638 soluat
1384 4584 1452 4662 pro
1480 4585 1575 4661 pena
1604 4576 1640 4636 et
1668 4556 1792 4637 banno
1822 4555 1966 4638 solidos
1993 4586 2043 4639 111.
2065 4578 2102 4638 et
2121 4578 2178 4639 to-

579 4716 697 4798 tidem
725 4744 793 4821 pro
823 4715 982 4796 emenda
1010 4714 1082 4794 illis
1111 4716 1214 4795 cuius
1241 4715 1348 4795 luerit
1376 4715 1593 4820 dampnum.
1631 4717 1702 4796 nisi
1729 4715 1881 4797 haberet
1909 4717 1966 4795 ius
1995 4717 2106 4796 eundi
2133 4735 2174 4796 ut

580 4903 687 4981 supra
714 4875 856 4955 dictum
885 4892 952 4955 est.
983 4892 1019 4954 et
1047 4872 1209 4978 quelibet
1228 4901 1386 4979 persona
1404 4874 1521 4979 possit
1542 4874 1627 4954 inde
1647 4901 1828 4954 accusare.
1849 4893 1890 4953 ut
1909 4901 2016 4979 supra
2036 4875 2177 4956 dictum

580 5055 647 5117 est.
677 5054 714 5115 et
740 5053 906 5139 potestas
933 5033 1052 5138 possit
1072 5033 1157 5113 inde
1177 4992 1371 5138 inquirere.
1401 5071 1427 5113 et
1445 5060 1468 5114 sr
1487 5059 1564 5114 nent
1582 5059 1665 5114 sesua
1684 5059 1814 5113 canabina
1826 5059 1913 5114 soluat
1931 5077 1979 5130 pro
1997 5061 2113 5132 qualibet
2132 5062 2178 5116 se.

579 5223 628 5276 scia
647 5224 755 5276 inuenta
775 5222 803 5275 in
823 5233 898 5292 prato
916 5221 1033 5276 solidum
1051 5237 1060 5275 1
1080 5233 1106 5275 et
1124 5221 1237 5275 totidem
1256 5238 1304 5291 pro
1325 5219 1439 5275 emenda
1457 5231 1483 5274 et
1502 5220 1529 5273 in
1549 5220 1678 5275 messibus
1696 5219 1797 5274 solidos
1816 5234 1844 5274 11.
1864 5222 1907 5290 (7)
