4800 6698
299 1373 374 1453 Ι74
497 1277 610 1445 DE
636 1350 958 1439 EXPtttslottE
979 1350 1348 1437 >POSSESSIONIS
1407 1433 1409 1436 ,

556 1604 635 1762 ξξῐῗὲζ
654 1688 734 1743 Teu
761 1680 940 1743 statutum
969 1682 1025 1743 est
1052 1666 1154 1769 quod
1183 1669 1215 1760 si
1242 1664 1361 1768 aliqua
1388 1690 1548 1769 persona
1583 1664 1785 1743 turbauerit
1825 1662 1885 1744 uel
1913 1663 2090 1745 molesta-

493 1823 587 1901 uerit
614 1821 775 1926 aliquam
802 1821 913 1903 aliam
939 1849 1140 1928 personam
1158 1826 1197 1904 in
1214 1824 1454 1931 possessione
1473 1822 1633 1903 alicuius
1653 1822 1707 1903 rei
1735 1819 1858 1903 soluat
1874 1847 1943 1927 pro
1962 1821 2089 1904 barano

494 1981 525 2060 si
552 1980 742 2084 possessio
770 1979 878 2060 fuerit
904 1980 1041 2061 ualoris
1061 1981 1269 2095 solidorum
1288 2010 1337 2063 xx
1355 1981 1417 2062 uel
1440 2008 1547 2086 supra
1566 1979 1710 2061 solidos
1728 2007 1764 2059 x.
1785 1998 1862 2060 eta
1881 1979 2011 2061 solidis
2037 2008 2089 2060 xx

492 2165 608 2243 usque
636 2139 676 2217 in
703 2137 847 2220 solidos
873 2167 898 2217 u
926 2139 1047 2220 soluat
1074 2168 1143 2246 pro
1172 2146 1296 2223 banno
1323 2140 1468 2222 solidos
1481 2166 1519 2220 v.
1538 2158 1577 2221 et
1601 2167 1625 2219 a
1652 2137 1783 2220 solidis
1801 2165 1827 2219 x
1846 2137 1938 2219 infra
1965 2137 2089 2221 soluat

491 2318 560 2402 pro
579 2295 704 2377 banno
732 2295 876 2377 solidos
902 2324 952 2378 111.
973 2316 1011 2378 et
1029 2298 1131 2403 quod
1150 2298 1313 2404 quelibet
1331 2325 1489 2404 persona
1507 2297 1626 2403 possit
1644 2295 1730 2377 inde
1749 2321 1931 2377 accusare.
1953 2315 1990 2377 et
2009 2295 2089 2377 eius

492 2454 702 2534 iuramento
721 2454 898 2536 credatur.
918 2473 957 2535 et
974 2474 1142 2560 potestas
1159 2458 1278 2562 possit
1296 2475 1334 2538 et
1352 2475 1520 2539 teneatur
1538 2454 1625 2535 inde
1644 2455 1827 2561 inquirere
1855 2455 1887 2535 si
1915 2455 1950 2535 ei
1977 2455 2086 2535 fuerit

492 2611 769 2693 denunciatum.

323 3127 344 3152 ·
418 3075 420 3079 ’
495 3031 608 3198 De
634 3110 819 3193 nunno
846 3111 918 3192 ao
945 3107 1320 3193 scannunrras
1345 3102 1413 3211 (ς)

546 3323 642 3531 ἐξ
652 3444 731 3499 reu
758 3435 937 3499 statutum
966 3435 1022 3498 est
1050 3418 1152 3523 quod
1182 3418 1212 3498 si
1239 3418 1371 3524 aliquis
1399 3444 1478 3498 non
1496 3418 1605 3498 iuerit
1623 3418 1669 3499 ad
1687 3437 1931 3523 scarauaytas.
1961 3417 2021 3498 uel
2040 3418 2087 3499 ad

495 3592 647 3681 uaytam
674 3577 742 3684 (4)
770 3578 865 3657 sicut
891 3577 937 3656 ei.
953 3595 1168 3682 preceptum
1204 3575 1323 3658 fuerit.
1353 3579 1383 3657 si
1411 3575 1519 3658 fuerit
1554 3576 1646 3657 infra
1684 3576 1811 3658 uillam
1848 3547 2087 3657 beennarum.

492 3733 594 3816 dabit
621 3762 690 3841 pro
717 3761 812 3841 pena
839 3733 1005 3815 solidum
1032 3761 1056 3815 1.
1085 3734 1197 3815 etde
1224 3735 1299 3814 hoc
1324 3733 1493 3815 credatur
1520 3761 1592 3815 suo
1619 3735 1842 3816 iuramento.

493 4154 607 4321 DE
634 4228 1082 4316 MALEDICENTIBUS
1108 4232 1177 4314 DE
1202 4231 1311 4315 DEO
1338 4231 1407 4314 ET
1433 4230 1644 4314 SANeTA
1669 4227 1849 4314 MARIA.

544 4450 640 4654 Q
652 4558 731 4623 teti
758 4558 938 4624 statutum
967 4544 1144 4650 estquod
1172 4545 1204 4625 si
1231 4544 1352 4650 aliqua
1378 4566 1537 4649 persona
1563 4542 1829 4626 destrauauerit
1856 4544 1925 4654 (5)
1946 4544 2008 4626 uel
2033 4546 2090 4628 di·

491 4703 587 4784 xerit
623 4701 766 4783 malum
791 4701 840 4782 de
869 4721 994 4783 sancta
1028 4704 1143 4783 maria
1178 4703 1240 4783 uel
1273 4702 1321 4783 de
1356 4701 1444 4783 deo.
1483 4701 1604 4783 soluat
1637 4727 1706 4808 pro
1733 4728 1829 4809 pena
1854 4705 2010 4810 quocies
2034 4701 2091 4784 di·

492 4862 587 4942 xerit
615 4860 762 4943 solidos
788 4882 836 4942 ax
864 4862 933 4969 (6)
958 4862 1072 4942 curie.
1101 4878 1139 4942 et
1164 4862 1197 4942 si
1221 4860 1367 4942 dictum
1394 4860 1560 4941 bannum
1586 4860 1734 4942 soluere
1750 4886 1832 4942 non
1849 4863 1987 4968 poterit
2013 4864 2091 4943 tm·

492 5021 651 5126 stigetur
679 5007 928 5101 incontinenti
955 5042 1020 5125 per
1047 5042 1183 5102 omnes
1217 5037 1339 5101 ruatas
1373 5019 1463 5101 uilie
1500 5022 1739 5101 beennarum.
1768 5019 1830 5102 uel
1856 5039 2016 5125 ponatur
2041 5021 2088 5104 ad

493 5177 726 5284 pellerinum.
753 5197 793 5260 et
819 5179 871 5259 ibi
899 5197 971 5259 stet
996 5202 1062 5285 per
1088 5180 1235 5260 tertiam
1252 5197 1396 5285 partem
1415 5178 1489 5259 diei
1503 5177 1550 5258 ad
1569 5178 1706 5260 minus.
1730 5196 1769 5259 et
1788 5177 1942 5285 quilibet
1968 5180 2090 5284 possit

493 5336 580 5417 inde
608 5355 841 5418 sacramento
869 5359 1039 5418 accusare
1056 5354 1096 5419 et
1113 5337 1246 5419 habeat
1273 5338 1421 5418 tertiam
1447 5355 1591 5443 partem
1618 5336 1733 5417 banni
1751 5355 1789 5417 et
1808 5336 1841 5416 ei
1862 5335 2031 5416 credatur
2050 5353 2090 5417 et

493 5513 660 5575 teneatur
686 5496 839 5601 priuata.
867 5525 896 5569 et
913 5513 1026 5570 famulus
1044 5515 1115 5570 curie
1133 5515 1216 5586 possit
1233 5531 1354 5570 accusare
1373 5526 1400 5570 et
1418 5513 1474 5570 eius
1491 5513 1645 5570 iuramento
1662 5513 1794 5569 credam
1810 5513 1858 5585 (7)
