4800 6698
559 584 688 687 *p
709 571 762 639 ec
800 557 908 639 sunt
939 535 1137 674 capitula
1156 560 1201 640 et
1221 536 1550 642 ordinamenta
1575 535 1693 642 facta
1711 560 1931 677 tempore
1969 536 2155 642 domini

562 718 652 824 a
668 766 690 819 .
709 714 953 849 aymoneti
1011 712 1069 816 de
1121 734 1277 815 sancta
1325 714 1521 816 victoria
1574 715 1816 851 potestatis
1862 713 2155 817 baennarum

565 941 646 1043 per
685 906 915 1043 sapientes
959 904 1148 1009 adhoc
1192 901 1368 1010 electos
1405 941 1431 1008 a
1468 904 1693 1009 conscilio
1742 904 2050 1009 baennarum.
2100 906 2137 1008 si

510 1151 513 1160 ·
567 1097 685 1203 licet.
729 1098 1014 1202 arditionem
1051 1096 1327 1244 bealecium.
1368 1096 1701 1202 Guillermum
1737 1121 1931 1237 spatam.
1961 1102 2153 1201 minum

565 1294 770 1430 nigrum.
800 1290 1024 1395 obertum
1050 1291 1109 1396 de
1135 1288 1267 1395 colia.
1296 1290 1545 1395 henricum
1572 1291 1853 1431 burdicium.
1877 1290 2154 1395 villermum

565 1485 822 1624 girardum.
846 1483 1040 1589 siulfum
1067 1487 1340 1589 cortesium.
1363 1483 1622 1589 iohannem
1643 1484 1876 1588 brucium.
1904 1483 2155 1589 henricum

494 1819 496 1822 ⁴
566 1676 820 1783 carnaliam
831 1677 1159 1815 capitulatores
1184 1678 1293 1782 dicti
1319 1677 1409 1782 loci
1429 1703 1475 1784 et
1494 1676 1777 1782 confirmata
1796 1714 1878 1815 per
1898 1677 2155 1783 dominum

566 1871 815 1977 oddonem
836 1871 895 1974 de
920 1873 1107 2009 Riparia
1132 1874 1362 1975 vicarium
1381 1870 1628 1977 reuerendi
1654 1872 1796 2009 patris
1822 1871 2008 1974 domini
2034 1872 2155 1973 Gui-

565 2053 704 2168 donis
741 2043 1049 2169 miseratione
1086 2064 1244 2168 diuina
1280 2067 1501 2206 Episcopi
1534 2065 1742 2168 astensis.
1784 2063 1870 2167 sub
1908 2101 2035 2167 anno
2073 2063 2198 2179 do-‚

564 2260 681 2361 mini
720 2225 980 2381 millesimo
1020 2295 1153 2363 cccx,
1194 2257 1427 2363 indicione
1465 2274 1576 2362 vur.

365 2870 388 2923 2
395 2846 442 2947 58
559 2764 672 2927 DE
700 2841 819 2921 NON
848 2839 1250 2921 ARENGANTIBUS
1269 2842 1322 2920 IN
1342 2839 1619 2920 CONSClLlO
1640 2839 1795 2936 QUOD
1813 2841 2034 2945 ALlQUlD
2065 2841 2151 2920 DE-

719 2999 826 3078 TUR
853 3000 920 3078 DE
947 2999 1103 3078 BONIS
1131 2998 1378 3079 COMUNIS.
1407 3102 1408 3106 Ν

626 3217 803 3420 fficiam
832 3329 1010 3390 statutum
1039 3311 1223 3414 estquod
1253 3314 1283 3390 si
1310 3309 1431 3416 aliqua
1458 3336 1616 3414 persona
1659 3309 1705 3390 de
1738 3310 1919 3392 conscilio
1948 3339 2018 3417 que
2047 3311 2154 3391 fuerit

564 3469 722 3548 minoris
749 3469 888 3572 regesti
915 3487 1108 3572 arengaret
1126 3466 1187 3547 uel
1206 3467 1416 3547 consuleret
1434 3468 1472 3546 in
1492 3467 1671 3547 conscilio
1699 3467 1786 3573 uille
1806 3462 2032 3549 baennarum
2051 3469 2153 3574 quod

566 3625 702 3730 aliquid
732 3625 877 3705 daretur
905 3625 951 3705 de
981 3626 1089 3706 bonis
1116 3625 1289 3706 comunis
1316 3627 1354 3704 in
1382 3627 1557 3729 peccunia
1585 3626 1645 3705 uel
1674 3625 1748 3706 alio
1780 3625 1910 3706 modo.
1941 3627 2018 3706 siue
2047 3628 2154 3707 remi-

563 3801 699 3863 terenu
728 3784 784 3862 ius
811 3782 898 3862 dicti
934 3784 1106 3862 comunis
1141 3781 1263 3862 soluat
1290 3801 1327 3863 et
1355 3780 1500 3863 soluere
1536 3801 1703 3865 teneatur
1731 3783 1777 3863 de
1806 3811 1853 3864 eo
1872 3785 1973 3888 quod
1993 3785 2149 3864 daretur.

498 4027 501 4032 Δ
565 3941 626 4020 uel
654 3916 885 4021 remiteretur
912 3939 1019 4019 alicui
1048 3940 1094 4020 de
1122 3941 1232 4022 bonis
1260 3940 1349 4043 dicti
1386 3943 1558 4022 comunis
1598 3958 1743 4021 tantum
1785 3959 1963 4045 quantum
1992 3941 2153 4021 solueret

565 4097 626 4178 ille
654 4099 717 4202 qui
746 4117 842 4178 esset
870 4098 916 4177 de
945 4097 1125 4178 conscilio
1154 4117 1190 4177 et
1219 4100 1256 4178 in
1284 4099 1416 4179 maiori
1444 4117 1608 4202 regesto,

563 4441 674 4604 DE
703 4521 822 4603 NON
849 4524 1160 4605 IURANTIBUS
1188 4526 1243 4605 lN
1272 4525 1546 4620 ALIQUIBUS
1580 4525 1914 4607 CONTRACTIS
1947 4527 2153 4648 lNSTRU-

721 4680 1036 4763 MENTORUM.

627 4899 803 5101 Qun
819 4990 1011 5108 ¹stat-utum
1030 5012 1085 5072 est
1104 4992 1206 5097 quod
1225 4991 1347 5097 aliqua
1373 5020 1533 5097 persona
1562 4993 1607 5072 de
1636 4992 1790 5072 baennis
1818 4991 1877 5071 uel
1906 4991 1955 5070 ibi
1984 4991 2153 5071 habitans
2190 4991 2198 5009 ⁸

564 5178 642 5232 non
656 5152 775 5256 possit
790 5178 858 5231 nec
874 5150 1006 5231 debeat
1020 5151 1058 5229 in
1072 5149 1198 5254 aliquo
1213 5147 1461 5230 instrumento
1480 5149 1540 5229 uel
1561 5169 1751 5230 contractu
1766 5151 1886 5229 mutui
1904 5148 1965 5229 uel
1984 5150 2151 5229 usurario

563 5310 715 5415 aliquod
743 5310 991 5389 iuramentum
1019 5308 1079 5388 uel
1107 5327 1379 5389 sacramentum
1411 5309 1644 5413 interponere
1673 5335 1738 5388 seu
1765 5327 1925 5412 prestare
1954 5308 2025 5387 nisi
2054 5325 2151 5387 esset

565 5468 690 5549 minor
717 5496 792 5547 xxv
820 5494 1004 5548 annorum
1036 5467 1103 5546 sub
1130 5494 1226 5572 pena
1255 5485 1292 5546 et
1319 5466 1443 5547 banno
1462 5494 1531 5571 pro
1550 5465 1712 5571 qualibet
1738 5492 1897 5572 persona
1926 5485 1963 5545 et
1990 5465 2152 5570 qualibet
