4800 6696
445 455 483 554 f.

1195 146 1291 214 VIIII

543 509 644 557 xxvn.
671 440 747 603 De
772 513 838 558 non
861 488 1030 557 incidendo
1054 487 1189 555 alienam
1212 486 1357 553 cessiam.

445 702 483 800 f·
531 754 642 803 xxvm.
676 686 754 849 De
780 735 972 804 metentibus
996 736 1029 801 in
1052 734 1158 801 alieno
1181 749 1282 820 prato.

673 926 749 1049 De
773 975 909 1045 secando
932 977 967 1043 in
994 975 1098 1042 alieno
1126 992 1227 1063 prato.

674 1171 750 1338 De
773 1220 968 1310 capientibus
984 1220 1091 1288 senum
1115 1218 1253 1286 alienum
1277 1218 1329 1286 uei
1352 1218 1492 1287 herbam.

673 1417 749 1583 De
773 1466 969 1556 capientibus
993 1467 1132 1533 alienum
1156 1465 1266 1532 fenum
1289 1467 1323 1532 in
1346 1467 1462 1555 mugis.

442 1676 481 1778 f·
519 1733 640 1782 xxvuu.
748 1711 814 1780 uod
836 1712 976 1779 extranei
999 1734 1064 1779 non
1088 1711 1212 1799 capiant
1236 1709 1346 1779 fenum
1370 1709 1421 1778 uel
1444 1695 1576 1778 herbam
1600 1712 1634 1777 in
1657 1710 1720 1779 fine
1744 1711 1838 1800 lequi.
1913 1730 1915 1734 ’

442 2167 481 2269 f.

441 3393 479 3495 f.

440 3878 478 3978 f.

437 5015 476 5117 f.

437 5259 475 5361 f.

672 1905 810 2090 Quod
834 1958 977 2026 extranei
999 1954 1099 2024 nichil
1122 1956 1283 2046 acquirant
1306 1957 1340 2022 in
1363 1954 1426 2022 fine
1450 1955 1534 2043 lequi
1558 1974 1589 2023 et
1611 1974 1824 2044 costemagne.
1889 2004 1891 2008 -

563 2164 639 2271 xxx.
675 2153 752 2319 De
775 2226 842 2271 non
866 2200 1071 2292 impediendo
1094 2203 1182 2269 uiam
1207 2223 1268 2290 que
1291 2199 1377 2267 uadit
1400 2222 1457 2290 per
1478 2202 1597 2269 cimam
1620 2204 1796 2270 uinearum.

553 2471 638 2518 xxxi.
675 2398 751 2567 De
774 2447 987 2517 incidentibus
1010 2447 1177 2516 arboribus
1202 2447 1387 2516 domesticis
1411 2469 1505 2537 super
1527 2451 1668 2515 comuni.

576 2716 640 2765 xm.
675 2640 814 2831 Quod
836 2694 883 2763 iili
905 2696 945 2763 de
968 2695 1049 2762 ultra
1072 2713 1239 2784 tanagrum
1262 2717 1338 2768 non,
1352 2713 1460 2763 emant
1488 2695 1619 2764 herbam
1643 2699 1677 2763 in
1699 2696 1762 2764 fine
1791 2696 1994 2765 baennarum.

564 2961 639 3010 xm.
678 2889 754 3056 De
778 2916 845 3008 non
869 2939 986 3009 arando
1009 2941 1096 3007 uiam
1120 2939 1288 3028 publicam.

674 3134 750 3299 De
772 3207 840 3252 non
862 3185 980 3252 arando
1011 3185 1063 3253 uel
1086 3184 1229 3254 cauando
1251 3208 1351 3276 prope
1373 3193 1539 3254 terminos.

551 3449 639 3498 xatu.
676 3379 752 3545 De
775 3430 919 3498 naxando
935 3429 1066 3498 canabo.

675 3619 814 3809 Qu&
836 3697 903 3742 non
926 3678 1089 3765 capiantur
1111 3675 1196 3764 ligna
1219 3677 1252 3741 in
1276 3674 1384 3741 alienis
1408 3677 1514 3763 pratis.

575 3931 639 3979 Lm.
677 3868 753 4026 De
775 3920 928 4011 ponendo
953 3921 1065 3989 fenum
1087 3920 1169 3988 infra
1193 3921 1309 4008 ayralia
1333 3919 1526 3987 baennarum
1550 3937 1637 3987 extra
1659 3919 1777 3987 uillam.

587 4171 638 4220 LV·
676 4108 814 4286 Quod
838 4166 1020 4250 recercatio
1033 4163 1098 4231 feni
1120 4186 1186 4231 non
1209 4165 1311 4252 possit
1333 4162 1404 4232 fieri
1425 4164 1506 4232 ultra
1529 4164 1727 4232 uoluntatem
1751 4164 1905 4233 conscilii.

585 4418 639 4466 avt
676 4354 818 4530 Quod
840 4414 943 4503 aliqua
966 4433 1102 4502 persona
1125 4433 1190 4478 non
1213 4412 1315 4500 possit
1338 4408 1476 4477 uendere
1499 4409 1612 4478 herbas
1627 4411 1758 4479 alicuius
1781 4412 1862 4499 prati
1886 4410 1970 4501 lequi
1993 4428 2025 4478 et

847 4590 1052 4659 costemagne
1075 4578 1211 4659 persone
1234 4586 1391 4637 extranee.

538 4825 640 4876 Lvml.
677 4759 760 4923 De
782 4809 843 4897 hijs
867 4811 921 4897 qui
945 4823 1080 4897 possunt
1101 4805 1291 4874 uindimiare
1315 4804 1354 4873 ad
1377 4827 1467 4872 suam
1491 4804 1700 4872 uoluntatem.

572 5071 635 5121 ω.
674 5005 754 5168 De
777 5055 874 5144 pratis
897 5053 1016 5120 tiuoire
1040 5050 1126 5141 quod
1151 5069 1235 5119 stent
1258 5050 1386 5118 bannita
1408 5049 1489 5117 infra
1511 5048 1663 5117 confines.

560 5316 635 5365 xxv.
653 5390 659 5396 ι
678 5248 816 5418 Quod
838 5322 906 5368 non
926 5297 1018 5366 detur
1041 5297 1145 5386 aliqua
1167 5297 1258 5364 couis
1281 5296 1395 5363 messis
1419 5294 1513 5363 alicui
1535 5317 1675 5385 perscne.
1730 5290 1734 5298 “
