4800 6696
551 522 590 622 fe
651 614 654 618 a
702 577 747 627 111.
790 511 865 674 De
888 562 955 628 non
979 561 1084 656 eundo
1109 583 1164 648 per
1186 559 1298 673 'uillam
1322 578 1394 648 post
1418 559 1564 627 ultimam
1588 582 1784 648 campanam.

789 741 864 919 De
889 808 999 875 bannis
1023 806 1219 895 requirendis
1242 829 1298 895 per
1321 824 1513 895 potestatem
1536 818 1563 871 et
1586 809 1710 872 tenrrino
1732 777 1927 895 deffensionis.

786 999 924 1176 Quod
949 1039 1136 1121 conscilium
1161 1053 1260 1141 possit
1285 1053 1445 1120 licentiam
1471 1051 1544 1118 dare
1568 1051 1607 1118 de
1632 1051 1785 1140 capitulis.

685 1261 689 1270 .
789 1249 863 1402 De
887 1298 1122 1366 conditionibus
1146 1297 1221 1365 uille
1245 1296 1417 1420 soluendis.

549 1498 587 1598 f·
690 1556 746 1602 n11.
786 1490 924 1667 Quod
947 1562 1086 1633 potestas
1111 1544 1189 1611 nihil
1213 1545 1286 1610 dare
1311 1545 1411 1631 possit
1434 1544 1473 1610 de
1497 1543 1589 1610 bonis
1613 1545 1770 1610 comunis.

785 1735 923 1910 Quod
946 1808 1084 1879 potestas
1107 1789 1212 1857 debita
1235 1812 1290 1856 sua
1314 1789 1439 1856 soluere
1462 1807 1613 1856 teneatur.

786 1986 860 2136 De
885 2035 958 2103 feno
982 2059 1046 2102 non
1070 2034 1223 2123 capiendo
1246 2058 1302 2123 per
1325 2051 1513 2123 potestatem
1538 2057 1596 2101 nec
1619 2034 1658 2101 de
1681 2037 1751 2100 uuis
1775 2057 1833 2101 nec
1856 2034 1896 2101 de
1920 2036 2008 2102 ortis.

547 2233 584 2332 f·
711 2292 743 2336 V·
786 2228 924 2402 Quod
947 2284 1088 2349 extranei
1112 2304 1177 2348 non
1201 2300 1330 2369 portent
1354 2304 1441 2348 arma
1465 2303 1520 2368 per
1543 2281 1662 2347 uillam.

540 2478 584 2577 f·
701 2537 743 2582 VI·
788 2477 863 2631 De
886 2526 1230 2616 condempnationibus
1254 2525 1415 2593 faciendis.

545 2724 583 2823 f·
687 2784 741 2830 v11.
786 2719 923 2893 Quod
948 2773 1081 2841 emende
1105 2775 1253 2841 comunis
1277 2773 1391 2840 dentur
1416 2796 1432 2839 a
1456 2772 1604 2840 clauario.

786 2968 861 3118 De
885 3019 1037 3086 caualaria
1061 3017 1170 3086 danda.

783 3209 922 3382 Quod
946 3262 1097 3331 conscilia
1121 3263 1265 3352 legantur
1287 3266 1321 3330 in
1344 3265 1508 3332 conscilio.

542 3459 580 3559 f·
672 3519 739 3565 WH·
784 3460 859 3614 De
883 3512 987 3578 citatis
1009 3533 1066 3598 per
1089 3528 1289 3598 potestatem.

784 3706 861 3857 De
884 3780 964 3845 pena
987 3756 1180 3844 imponenda
1203 3778 1259 3844 per
1281 3773 1471 3844 potestatem
1494 3778 1554 3844 pro
1579 3756 1690 3823 bannis
1714 3735 1920 3824 excutiendis.

783 3948 921 4119 Quod
945 4020 1084 4091 potestas
1108 4025 1174 4069 non
1197 4003 1299 4090 possit
1323 4000 1424 4069 facere
1448 4001 1516 4068 fieri
1540 4002 1671 4068 cridam.

539 4198 577 4296 f·
655 4254 734 4300 vnn.
783 4193 920 4363 Quod
944 4265 1082 4335 potestas
1106 4270 1172 4315 non
1196 4249 1296 4336 capiat
1319 4246 1457 4335 aliquem
1481 4248 1688 4336 personaliter
1710 4247 1750 4314 de
1774 4248 1913 4315 baennis.

538 4445 576 4544 f·
650 4547 654 4554 .
690 4503 733 4545 XI·
783 4438 924 4610 Quod
947 4491 1050 4560 nullus
1074 4470 1193 4560 elector
1215 4495 1316 4582 possit
1341 4516 1374 4560 se
1398 4493 1524 4582 eligere.

537 4691 575 4789 f·
669 4748 735 4793 xnr.
781 4687 861 4838 De
885 4737 1095 4827 appellatione
1118 4762 1136 4806 a
1158 4741 1315 4829 preceptis
1340 4709 1514 4827 potestatis.

537 4938 576 5036 f·
669 4995 733 5039 XVI·
781 4934 858 5084 De
881 4984 1017 5074 psalario
1041 4988 1217 5074 potestatis.

782 5180 858 5331 De
882 5232 943 5319 hijs
967 5233 1021 5320 qui
1044 5232 1262 5322 intelliguntur
1287 5231 1477 5300 habitatores
1501 5232 1702 5299 baennarum.

781 5425 855 5579 Dc
879 5476 987 5545 clectis
1010 5476 1049 5543 ad
1072 5476 1271 5544 conscilium.
