4800 6698
373 665 448 720 11o
569 541 774 749 QJOD
802 621 1184 704 LABORATORES
1211 621 1388 701 NICHlL
1415 619 1664 702 PORTENT
1691 620 1758 699 DE
1785 620 1963 700 UlNElS.

633 865 808 1070 Quen
829 971 1007 1031 statutum
1028 971 1083 1031 est
1103 951 1204 1056 quod
1219 951 1352 1056 aliquis
1380 951 1565 1031 laborator
1594 953 1656 1055 qui
1684 950 1905 1031 laborauerit
1932 951 1978 1031 ad
2008 951 2166 1031 loeriurn

571 1113 610 1190 in
638 1113 747 1189 uinea
775 1111 929 1189 alicuius
956 1138 1034 1189 non
1062 1111 1182 1215 possit
1210 1138 1278 1189 nec
1307 1110 1595 1214 debeatscapere
1616 1137 1680 1188 seu
1699 1129 1866 1214 aportare
1886 1110 1933 1188 de
1962 1111 2039 1214 ipsa
2058 1112 2167 1189 uinea

572 1269 694 1373 aliqua
722 1268 824 1373 ligna
854 1296 918 1347 seu
947 1267 1084 1372 aliquid
1113 1267 1211 1347 aliud
1241 1267 1342 1372 quod
1372 1288 1468 1347 esset
1510 1267 1556 1347 de
1598 1234 1695 1346 dicta
1728 1269 1836 1347 uinea
1865 1267 1932 1346 sub
1959 1295 2054 1372 pena
2083 1268 2168 1347 soli-

573 1427 708 1521 dorum
738 1454 795 1521 111„
816 1453 884 1532 pro
913 1426 1080 1532 quolibet
1109 1428 1262 1530 quocies
1289 1426 1554 1506 contrafecerit.
1598 1445 1633 1505 et
1675 1426 1837 1530 quelibet
1864 1453 2022 1530 persona
2049 1428 2168 1531 possit
2277 1422 2287 1441 ⁰

572 1584 658 1664 inde
686 1612 855 1663 accusare
885 1604 921 1662 et
949 1583 1116 1663 credatur
1145 1586 1371 1664 accusationi
1400 1613 1465 1664 sue
1494 1570 1716 1664 iuramento.
1747 1605 1783 1663 et
1810 1603 1977 1689 potestas
2001 1604 2168 1663 teneatur

573 1744 757 1847 inquirere
787 1761 824 1822 et
852 1743 931 1821 eius
959 1741 1098 1821 familia
1126 1771 1307 1821 accusare.
1338 1760 1374 1822 et
1404 1743 1457 1822 eis
1485 1743 1695 1822 iuramento
1738 1741 1915 1821 credatur.
1960 1763 1996 1821 et
2038 1742 2169 1820 habeat

573 1901 721 1980 tertiam
749 1918 891 2005 partern
919 1898 1042 1978 banni.

572 2249 776 2457 QJOD
803 2332 978 2413 NULLA
1010 2331 1246 2415 PERSONA
1281 2331 1472 2412 CAPIAT
1504 2332 1812 2414 SARMENTAS
1841 2333 1939 2412 UEL
1965 2332 2165 2430 ALIQUA

732 2491 853 2570 ALIA
880 2491 935 2572 IN
964 2491 1129 2571 UINEIS
1156 2490 1366 2571 ALIENIS.

647 2781 679 2915 li
693 2790 813 2922 {irent
829 2839 1007 2900 statutum
1023 2841 1078 2901 est
1097 2822 1199 2926 quod
1218 2823 1339 2927 aliqua
1366 2850 1524 2927 persona
1552 2850 1630 2900 non
1658 2821 1776 2926 possit
1804 2848 1872 2901 nec
1892 2820 2023 2900 debeat
2042 2848 2168 2925 capere

542 3067 545 3072 ,
576 2978 615 3056 in
634 2977 763 3058 alienis
791 2980 911 3057 uineis
938 2979 1079 3083 aliquas
1108 2999 1311 3060 sarmentas
1339 3007 1403 3060 seu
1422 2981 1530 3060 uites.
1549 2979 1610 3059 uel
1628 2979 1749 3084 aliqua
1767 2979 1837 3059 alia
1856 2978 1969 3084 ligna.
1990 2980 2057 3059 sub
2076 3006 2187 3083 pena·

577 3134 785 3215 solidorum
813 3165 837 3214 x
866 3175 893 3217 et
910 3163 1023 3217 totidem
1042 3181 1089 3234 pro
1108 3163 1221 3218 emenda
1252 3166 1320 3242 pro
1348 3136 1510 3242 qualibet
1537 3165 1694 3242 persona
1722 3138 1875 3241 quocies
1903 3136 2169 3217 contrafecerit.

577 3294 623 3373 Et
652 3292 815 3398 quelibet
843 3321 1002 3398 persona
1030 3297 1148 3399 possit
1176 3295 1262 3373 inde
1299 3322 1480 3375 accusare.
1524 3313 1561 3375 et
1603 3296 1636 3374 ei
1677 3296 1886 3374 iuramento
1928 3294 2104 3374 credatur.
2136 3316 2171 3373 et

575 3472 741 3557 potestas
764 3472 932 3532 teneatur
961 3455 1144 3558 inquirere
1173 3472 1209 3532 et
1237 3455 1316 3533 eius
1343 3452 1481 3533 familia
1510 3481 1691 3533 accusare.

575 3799 687 3965 DE
714 3881 855 3963 FENO
882 3882 1001 3965 NON
1028 3883 1351 3965 EXTRAENDO
1379 3883 1555 3965 EXTRA
1582 3883 1725 3967 FINES
1757 3884 2096 3969 BAENNARUM.

639 4123 816 4327 ἔξω
835 4235 1013 4295 statutum
1034 4220 1089 4295 est
1108 4214 1210 4322 quod
1238 4215 1358 4319 aliqua
1377 4242 1535 4321 persona
1562 4242 1641 4296 non
1667 4214 1837 4296 habitans
1865 4243 1930 4295 seu
1957 4243 2028 4320 que
2057 4215 2096 4295 in
2123 4215 2174 4294 lu·

578 4393 702 4454 turum
731 4401 808 4454 non
836 4373 1055 4453 habitauerit
1083 4374 1121 4451 in
1152 4374 1303 4452 baennis
1331 4375 1507 4452 continue
1536 4400 1622 4452 curn
1650 4372 1736 4453 loco
1766 4391 1802 4452 et
1830 4401 1916 4453 cum
1940 4372 2077 4453 familia
2097 4401 2172 4453 sua.
2235 4487 2239 4495 Ι

577 4531 718 4611 habens
746 4558 811 4611 seu
839 4559 910 4635 que
938 4532 977 4610 in
1005 4530 1168 4610 futurum
1197 4531 1363 4610 habuerit
1391 4531 1542 4637 aliquod
1569 4550 1715 4636 pratum
1744 4533 1822 4612 siue
1852 4532 2009 4637 gerbum
2037 4531 2106 4640 (2)
2135 4533 2172 4610 in

529 4741 531 4746 ·
578 4690 653 4771 fine
695 4688 793 4794 lequi
836 4707 872 4767 et
914 4707 1156 4794 costemagne
1198 4689 1451 4770 iurisdictione
1498 4689 1724 4769 baennarum
1761 4707 1928 4770 teneatur
1969 4709 2006 4768 et
2043 4689 2175 4770 debeat

579 4849 714 4929 ducere
742 4848 802 4928 uel
831 4847 916 4926 duci
944 4845 1060 4927 lacere
1089 4847 1148 4927 uel
1177 4849 1398 4953 consignare
1430 4848 1605 4953 potestati
1633 4847 1859 4928 baennarum
1886 4866 2011 4927 totum
2049 4847 2175 4928 lenum

580 5005 682 5113 quod
710 5007 748 5086 in
777 5005 878 5086 dicto
906 5025 1012 5111 prato
1042 5033 1106 5085 seu
1135 5009 1252 5110 gerbo
1280 5005 1388 5086 luerit
1415 5005 1476 5085 uel
1503 5007 1715 5111 prouenerit
1734 5007 1772 5085 in
1786 5005 1921 5110 ayralia
1949 5007 2176 5087 baennarum

563 5143 566 5146 Δ
1090 5165 1157 5244 sub
1184 5192 1280 5269 pena
1308 5164 1515 5245 solidorum
1543 5192 1592 5244 Lx
1618 5193 1686 5271 pro
1715 5165 1876 5271 qualibet
1904 5193 2062 5271 persona
2090 5195 2176 5248 con·

579 5322 801 5404 trafaciente.
831 5326 881 5403 ita
910 5324 1063 5428 quidem
1091 5324 1192 5428 quod
1221 5325 1446 5428 consignato
1475 5343 1512 5403 et
1540 5323 1654 5403 ducto
1683 5323 1784 5403 dicto
1803 5323 1891 5404 feno
1910 5343 1950 5403 ut
1969 5325 2175 5429 predictum

582 5501 649 5563 est.
678 5510 756 5562 non
784 5483 903 5587 possit
930 5494 998 5562 n‘ec
1026 5483 1158 5562 debeat
1185 5501 1314 5587 postea
1344 5484 1485 5562 extrahi
1513 5483 1654 5562 dictum
1682 5481 1809 5562 fenum
1837 5510 1901 5587 per
1920 5483 2080 5588 aliquam
2099 5510 2176 5587 per·
