1496 1873
653 169 764 196 XLVIII

312 245 425 265 baennarum
440 244 493 266 illum
507 245 630 264 habitatorem
645 244 675 264 uel
689 244 732 265 illos
746 245 836 265 absoluat.
851 245 933 265 licentiet
947 250 965 265 et
980 246 1049 271 quietet
1058 252 1068 265 a
1078 245 1109 272 tali

312 284 426 304 habitatione
441 288 459 304 et
473 284 495 304 ab
509 284 562 304 omni
576 284 701 310 promissione
715 284 762 305 facta
775 291 807 311 per
826 285 887 311 ipsum
902 284 932 305 uel
946 285 997 311 ipsos
1011 285 1109 308 occasione,

311 323 356 344 dicti
370 324 492 344 habitamenti
506 324 582 344 comuni
598 324 635 343 iam
649 324 706 344 dicto.
728 324 753 344 ita
773 324 824 350 quod
838 331 849 344 a
862 324 922 344 modo
941 324 1011 344 dictum
1028 331 1109 344 comune

311 370 350 384 non
364 368 448 383 teneatur
462 364 522 389 ipsum
537 362 567 383 uel
582 364 632 389 ipsos
646 363 752 383 deffendere
766 368 861 389 tamquam
876 364 936 384 ciuem
947 363 976 384 uel
986 364 1109 384 habitatorem

312 404 430 423 baennarum.
446 403 478 423 sed
493 403 572 423 omnino
587 403 610 423 sit
624 403 654 423 uel
668 403 704 423 sint
719 403 806 429 expoliati
821 404 873 423 omni
887 404 1003 429 protectione
1013 408 1031 423 et
1041 403 1109 423 deffen—

311 443 364 463 sione
378 443 465 463 comurtis
479 442 562 469 predicti⁴
573 447 591 462 et
600 442 651 468 quod
661 442 737 463 ulterius
752 442 852 463 habeantur
862 450 896 469 pro
906 443 998 463 extraneis
1011 442 1056 463 dicti
1066 442 1108 463 loci.

311 487 330 502 et
343 482 366 502 de
381 482 428 502 libro
442 482 529 502 comunis
543 483 657 502 baennarum
670 482 785 502 abraduntur.
801 487 819 502 et
833 482 947 502 habitatione
966 487 985 502 et
998 482 1041 502 uilla
1056 482 1110 502 baen-

310 529 376 542 narum
390 526 409 542 et
422 529 478 548 posse
492 522 610 542 licentientur
623 528 655 548 per
669 526 782 548 potestatem
796 522 827 548 qui
842 521 896 542 fuerit
910 529 944 548 pro
957 527 1042 548 tempore
1063 521 1109 542 infra

310 568 342 581 vur
351 561 392 581 dies
400 566 500 588 postquam
510 562 596 581 iurauerit
606 562 690 587 regimen
704 568 764 581 suum.
779 568 826 588 pena
841 566 859 581 et
873 561 936 581 banno
946 562 972 582 eis
981 562 1074 588 impositis
1084 568 1109 581 ar-

310 601 366 621 binio
380 601 478 628 potestatis
491 601 574 627 predicti.
589 601 640 627 quod
650 605 692 627 post
705 601 775 621 dictum
790 601 891 621 terminum
905 602 924 621 iri
938 601 982 621 uilla
995 601 1109 622 baennarum

311 641 403 661 ullatenus
417 647 456 661 non
470 645 573 661 morentur.
588 641 621 660 sed
635 647 669 660 eos
686 641 760 667 penitus
778 641 843 661 habeat
857 648 891 667 pro
910 641 1002 661 extraneis
1021 646 1039 661 et
1058 641 1108 667 quod

310 681 333 701 de
343 685 405 701 cetero
413 688 452 701 non
459 681 569 707 recipiantur
576 687 611 700 nec
618 686 720 701 morentur.
732 681 755 700 Et
765 680 816 707 quod
825 680 886 701 dictus
895 685 978 707 potestas
987 681 1050 707 elapso
1058 681 1109 701 dicto

310 721 392 740 termino
406 727 440 740 eos
454 725 550 746 tamquam
564 720 678 740 habitatores
687 720 717 740 uel
727 721 778 740 ciues
792 727 830 740 non
845 720 939 740 deffendat
949 720 981 740 sed
991 727 1024 740 eos
1035 721 1109 746 penitus

310 760 377 781 habeat
390 767 424 786 pro
439 760 538 780 extraneis.
552 760 576 779 Et
589 759 640 786 quod
655 760 678 780 de
692 764 755 780 cetero
769 767 808 780 non
822 760 932 786 recipiantur
941 760 997 786 aliqui
1007 759 1080 780 nobiles
1089 760 1108 780 in

310 800 423 820 habitatores
437 799 468 819 uel
482 799 555 819 uicinos
568 800 619 819 ciues
630 799 663 819 fuel
677 799 821 819 commendatos
831 800 917 819 comunis
930 799 1013 825 predicti.
1027 799 1078 825 quod
1093 799 1108 819 si

310 846 364 859 secus
377 839 435 859 fieret,
450 838 499 859 dicta
513 839 595 865 receptio
610 839 633 858 sit
647 845 698 859 cassa
713 839 754 865 ipso
768 838 817 859 facto
831 843 849 859 et
863 839 932 859 nullius
941 838 1015 859 ualoris.
1025 839 1048 858 Et
1058 838 1108 858 idem

310 879 424 905 intelligatur
443 879 466 898 de
480 878 589 898 horninibus
603 878 626 898 de
640 878 718 898 nouello
732 883 751 898 et
767 878 790 898 de
806 878 889 904 quolibet
910 878 947 898 alio
966 878 1009 898 loco
1027 878 1108 898 iurisdic-

309 918 367 939 tionis
381 925 413 938 seu
427 918 522 938 districtus
535 918 608 938 domini
622 918 692 938 henrici
714 918 737 938 de
758 923 829 938 carzeto
843 917 877 945 (1)
891 922 930 938 tam
944 917 1038 938 nobilibus
1052 924 1107 943 quarn

309 958 424 978 innobilibus
437 958 520 984 exceptis
533 958 642 983 hominibus
651 958 674 978 de
684 957 762 984 nouello
771 964 811 977 non
819 957 946 984 habitantibus
955 962 973 977 et
988 957 1048 977 solitis
1058 957 1108 982 babif

310 1002 348 1018 tare
363 998 382 1018 in
396 998 473 1018 baennis
487 998 576 1018 continue
590 1004 633 1017 cum
648 997 692 1017 foco
706 997 775 1017 familia
789 1002 808 1017 et
822 998 905 1018 cathena.
1096 992 1098 994 ¹
