4800 6698
578 590 639 649 aut
669 597 823 649 manum
851 569 1001 649 arbitrio
1028 569 1233 674 potestatis.
1264 566 1467 647 secundum
1485 555 1712 671 qualitatem
1741 567 1822 648 facti
1850 589 1886 649 et
1914 568 2174 649 conditionem

577 755 819 833 personarum
854 727 1107 808 interficientis
1149 745 1185 807 et
1226 728 1417 807 interlecti.
1446 745 1483 806 et
1510 723 1580 805 nisi
1611 745 1711 805 esset
1747 727 1958 807 interiectus
1999 726 2181 807 oriundus

577 887 815 967 baennarum.
845 885 905 967 uel
933 885 1032 966 filius
1061 887 1140 966 eius
1167 887 1228 990 qui
1259 905 1356 966 esset
1384 904 1492 966 natus
1519 885 1565 965 de
1595 885 1693 966 dicta
1718 904 1828 968 terra.

576 1116 689 1283 DE
715 1197 1005 1282 FXTRANEO
1034 1197 1129 1297 QUI
1156 1196 1491 1283 EXTRAXERIT
1518 1196 1769 1280 GLADIUM.

632 1413 815 1618 &gran
842 1523 962 1602 homo
991 1549 1055 1603 seu
1082 1548 1251 1627 persona.
1282 1523 1344 1627 qui
1372 1550 1450 1602 non
1471 1523 1518 1603 sit
1538 1522 1723 1603 habitator
1755 1523 1995 1602 baennarum.
2024 1548 2178 1627 percus·

578 1683 665 1762 serit
693 1682 855 1786 aliquem
884 1681 1144 1762 habitatorem.
1185 1681 1246 1760 uel
1283 1680 1512 1761 habitantem
1540 1683 1579 1761 in
1607 1681 1761 1761 baennis
1801 1708 1932 1786 pugno
1959 1679 2083 1786 palma
2117 1679 2179 1761 uel

540 1953 543 1957 Δ
577 1840 687 1920 calce.
718 1867 782 1920 seu
811 1841 990 1946 acceperit
1017 1867 1082 1945 per
1109 1838 1274 1945 capillos.
1302 1840 1364 1920 uel
1392 1868 1479 1920 eum
1507 1841 1601 1920 irato
1638 1840 1766 1921 animo
1808 1841 2013 1920 bussauerit
2040 1838 2102 1919 uel
2130 1838 2179 1919 la·

578 1999 754 2080 cerauerit
773 1999 1050 2087 eicauezanam
1070 1999 1192 2081 soluat
1210 2027 1278 2105 pro
1296 2026 1391 2113 pena
1410 1998 1520 2079 libras
1537 2026 1561 2078 x
1580 2017 1758 2079 astenses,
1779 2015 1816 2077 et
1835 1999 1865 2078 si
1885 1997 2179 2103 dictam'penam

578 2157 723 2238 soluere
751 2185 829 2238 non
862 2176 990 2263 posset
1017 2157 1078 2238 uel
1106 2157 1235 2239 nollet.
1273 2159 1418 2238 amittat
1449 2157 1584 2263 pedem
1612 2155 1673 2237 uel
1705 2184 1860 2242 manum
1887 2154 1949 2235 uel
1976 2154 2179 2235 auriculam

576 2316 727 2396 arbitrio
754 2317 1004 2421 percutientis.
1025 2318 1056 2396 si
1074 2336 1240 2422 potestas
1259 2344 1347 2397 eum
1365 2315 1508 2397 'habere
1536 2316 1684 2422 poterit.
1705 2317 1752 2396 Et
1770 2315 1872 2395 idem
1896 2314 2127 2420 intelligatur
2147 2314 2179 2393 si

577 2502 732 2556 manum
751 2476 790 2555 in
809 2503 896 2557 eum
915 2441 1010 2557 irato
1038 2477 1167 2556 animo
1195 2475 1315 2556 modo
1342 2475 1468 2582 aliquo
1496 2475 1673 2556 iniecerit.
1695 2495 1731 2556 et
1750 2476 1781 2556 si
1800 2502 1839 2556 se
1867 2474 2180 2556 concordauerint
2221 2581 2226 2589 ·
2273 2450 2275 2454 Α

577 2635 783 2715 remittatur
810 2636 846 2715 ei
873 2634 970 2715 dicta
997 2663 1103 2741 pena.
1132 2663 1200 2741 pro
1228 2635 1429 2745 medietate
1457 2654 1637 2742 quantum
1664 2634 1711 2715 ad
1738 2661 1876 2740 penam
1906 2633 2178 2740 peccunialem.

578 2969 689 3134 DE
716 3043 1003 3130 EXTRANEO
1032 3042 1395 3127 PERCUTIENTE
1421 3041 1660 3140 ALIQUEM
1686 3041 1754 3123 DE
1781 3039 2015 3124 BAENNIS.

629 3261 725 3469 Q
737 3399 816 3454 run
843 3374 969 3454 omnis
995 3400 1154 3480 persona
1182 3400 1253 3480 que
1280 3400 1360 3454 non
1388 3374 1435 3453 sit
1462 3373 1659 3454 habitatrix
1700 3375 1939 3455 baennarum.
1974 3375 2006 3454 si
2032 3400 2181 3480 percus·

578 3533 664 3614 serit
691 3523 867 3637 aliquem
881 3532 1129 3612 habitatorem
1157 3531 1384 3613 baennarum
1416 3530 1477 3612 uel
1504 3531 1615 3612 aliam
1642 3558 1842 3638 personam
1869 3531 1920 3611 ibi
1947 3530 2179 3612 habitantem

576 3690 715 3772 cutello
743 3709 846 3797 spata
872 3690 934 3772 uel
961 3690 1087 3796 aliquo
1116 3690 1191 3772 alio
1219 3690 1347 3797 gladio
1374 3690 1474 3772 unde
1502 3692 1655 3796 sanguis
1682 3719 1760 3795 non
1789 3710 1896 3772 exeat
1915 3691 1978 3771 det
1995 3719 2065 3796 pro
2082 3718 2179 3797 pena

576 3850 687 3931 libras
714 3879 739 3929 x
766 3869 933 3931 astenses
951 3870 989 3931 et
1008 3852 1039 3931 si
1058 3851 1196 3931 dictam
1215 3877 1351 3956 penam
1370 3849 1515 3931 soluere
1544 3878 1623 3930 non
1650 3869 1778 3956 posset
1805 3850 1866 3930 uel
1893 3848 2013 3931 nollet
2031 3850 2179 3931 amittat

575 4011 712 4116 pedem
739 4008 801 4090 uel
828 4037 996 4091 manum.
1026 4028 1063 4090 et
1091 4011 1122 4090 si
1150 4011 1303 4115 sanguis
1331 4010 1487 4091 exiuerit
1516 4008 1638 4091 soluat
1664 4036 1733 4115 pro
1760 4036 1856 4116 pena
1883 4008 1994 4089 libras
2021 4035 2111 4090 xxv.
2141 4025 2180 4089 et

576 4170 608 4249 si
637 4168 782 4249 soluere
809 4196 889 4249 non
916 4188 1045 4274 posset
1072 4170 1219 4249 amittat
1245 4170 1382 4275 pedem
1408 4169 1469 4250 uel
1497 4195 1664 4249 manum.
1685 4187 1723 4249 et
1742 4169 1772 4248 si
1801 4167 1934 4274 aliquis
1952 4169 2113 4274 quinon
2133 4167 2181 4249 sit

575 4325 760 4407 habitator
787 4327 1015 4407 baennarum
1041 4327 1290 4410 habitatorem
1317 4326 1545 4408 baennarum
1564 4325 1786 4422 interfecerit
1807 4327 1999 4407 moriatur.
2020 4345 2058 4407 et
2076 4326 2180 4407 idem

574 4484 803 4590 intelligatur
831 4487 862 4565 si
889 4488 1109 4592 percusserit
1145 4454 1286 4568 baculo*
1315 4487 1376 4568 uel
1413 4487 1546 4594 lapide.
1583 4514 1648 4567 seu
1665 4486 1788 4602 ‚quod
1823 4486 1946 4567 soluat
1981 4513 2051 4592 pro
2082 4500 2180 4592 pen'a

577 4641 688 4723 libras
715 4672 752 4723 x.

575 4963 687 5128 DE
714 5038 939 5123 FERUTIS.
967 5068 1036 5177 (5)

625 5259 814 5469 Quem
849 5407 1029 5470 statutum
1062 5408 1119 5470 est
1156 5389 1258 5495 quod
1296 5389 1326 5470 si
1360 5388 1482 5496 aliqua
1512 5415 1672 5495 persona
1698 5417 1720 5470 a
1747 5414 1800 5470 xv
1828 5389 1935 5469 annis
1976 5385 2069 5467 infra
2095 5411 2182 5492 per·

575 5547 731 5628 cusserit
763 5546 926 5654 aliquam
957 5548 1069 5630 aliam
1109 5576 1309 5655 personam
1351 5548 1460 5630 etatis
1486 5577 1537 5628 xv
1578 5575 1764 5630 annorum
1802 5567 1838 5628 et
1873 5546 1980 5628 ultra.
2014 5545 2178 5651 aliquam
