4800 6698
509 459 677 560 collatio
702 499 827 558 octaua
850 494 1011 557 videlicet
1034 496 1076 558 de
1101 495 1264 560 omnibus
1286 496 1354 561 uiis
1377 498 1517 562 foeeatie
1551 504 1586 561 et
1618 503 1833 566 comunaciis
1859 507 2109 586 pertinentibus

507 637 553 697 ad
576 635 739 711 predicta.
761 640 800 697 ut
821 634 913 698 infra
935 635 1140 699 continetur.

504 969 542 1069 f.
594 1025 702 1074 uxum.
737 954 813 1124 De
837 1008 1115 1075 aterminatoribus
1152 1008 1305 1098 eligendis
1340 1012 1394 1099 qui
1429 1010 1562 1078 debeant
1592 984 1783 1079 aterminare
1806 1033 1946 1080 comune
1968 1012 2005 1079 ab
2033 1013 2090 1081 illo

903 1175 1078 1264 aliquarum
1101 1200 1310 1266 personarum
1333 1178 1529 1267 specialium.

502 1368 539 1470 f·
581 1426 697 1476 Lxxvn.
735 1358 875 1544 Quod
899 1415 1008 1480 omnia
1032 1417 1183 1483 comunia
1206 1415 1459 1484 determinentur
1480 1424 1513 1484 in
1538 1416 1693 1505 paschuis.

732 1607 809 1771 De
832 1663 884 1728 uia
907 1663 1022 1749 guacii.

498 1869 536 1996 f·
567 1926 695 1975 txxvm.
732 1861 812 2023 Ue
837 1912 957 1987 fossato
981 1909 1125 1979 faciendo
1150 1933 1207 1999 per
1230 1912 1349 1978 cimam
1372 1911 1549 1992 uinearum.

729 2104 871 2284 Ωιιοά
894 2160 980 2226 riana
1003 2115 1172 2224 remaneat¹
1187 2155 1340 2245 expedita.

495 2367 692 2474 fimvnu.
727 2353 808 2528 De
832 2403 957 2472 fossatis
980 2403 1122 2490 candete

726 2600 804 2768 De
826 2673 906 2740 aqua
929 2672 991 2738 que
1014 2667 1158 2717 uersatur
1180 2649 1219 2716 de
1243 2648 1412 2716 canalibus.

725 2847 806 3010 De
829 2899 890 2965 uiis
913 2896 1046 2987 publicis
1070 2896 1258 2986 aperiendis.

726 3094 803 3256 De
826 3143 1104 3212 aterminatoribus
1127 3162 1158 3213 et
1182 3166 1295 3212 eorum
1319 3144 1500 3256 iuramentn
1524 3166 1618 3234 super
1640 3146 1712 3213 uiis.

726 3343 802 3519 lle
825 3391 945 3460 fossato
968 3390 1113 3459 faciendo
1135 3392 1170 3458 in
1192 3390 1255 3458 fine
1277 3391 1373 3479 lequi.

495 3599 533 3701 f·
594 3656 690 3705 uxxx.
725 3589 802 3756 De
826 3639 946 3710 fossato
969 3641 1022 3707 uie
1043 3637 1175 3729 pernalli
1191 3638 1436 3707 manutenendo.

723 3836 799 3999 De
823 3890 874 3956 uia
895 3887 1045 3954 comunis
1067 3882 1140 3953 non
1156 3883 1319 3972 stopanda.

723 4079 862 4266 Quod
884 4133 1035 4202 comunia
1058 4148 1263 4220 costemagne
1286 4130 1546 4197 determinentur.

722 4329 798 4497 De
822 4380 923 4448 cessia
945 4377 1112 4468 plantanda
1135 4378 1168 4444 in
1192 4375 1312 4444 fossato
1336 4374 1500 4463 ayralium.

720 4571 859 4761 Quod
882 4624 1065 4714 designetur
1091 4623 1143 4689 uia
1167 4644 1184 4689 a
1207 4623 1259 4689 uia
1283 4621 1382 4688 sancti
1404 4620 1510 4689 iacobi
1533 4643 1635 4710 supra.

484 4821 522 4927 fi
573 4884 683 4932 Lxxxn
720 4819 860 4992 Quod
882 4872 935 4939 uia
958 4869 1012 4939 fiat
1035 4892 1053 4937 a
1076 4891 1170 4959 gurra
1193 4891 1286 4959 supra
1310 4889 1400 4936 secus
1423 4883 1556 4934 costam.

713 5069 796 5241 De
819 5121 872 5188 uia
895 5117 1088 5208 designanda
1111 5119 1204 5185 auia
1227 5115 1398 5183 marencha
1421 5134 1520 5203 usque
1543 5112 1584 5179 ad
1607 5110 1778 5179 benallum.

718 5316 795 5439 De
817 5365 945 5435 fossatis
968 5362 1121 5434 faciendis
1144 5384 1238 5452 super
1260 5361 1347 5429 uiam
1370 5360 1528 5428 maiorem
1552 5356 1676 5426 banalli.
