4800 6698
986 269 1155 371 LXXI

284 544 375 610 fuerit
399 567 454 632 per
478 546 677 610 stantiatores
701 545 847 608 comunis
870 566 927 609 nec
952 540 1165 628 scandaglium
1189 542 1250 608 nisi
1274 542 1465 607 autenticum
1491 540 1583 607 fuerit
1603 561 1637 607 ut
1658 564 1760 629 supra.
1784 539 1873 606 saluo

285 702 370 790 quod
394 704 421 766 si
445 702 557 790 aliquis
581 704 693 767 emerit
717 701 754 766 ad
779 701 887 766 falsam
920 723 1099 766 mensuram
1124 698 1176 774 nel
1199 698 1342 765 uenderit
1365 697 1467 766 soluat
1491 722 1549 785 pro
1572 697 1708 785 qualibet
1741 700 1873 765 sestario
1963 745 1967 753 ·

284 883 340 926 seu
364 863 468 925 emina
505 855 506 858 '
690 861 809 926 solidos
832 883 871 926 tx
896 862 921 924 si
947 881 1091 924 mensure
1115 857 1229 924 fuerint
1253 879 1308 922 sue
1332 856 1383 922 uel
1405 856 1570 943 fustigetur
1593 859 1812 922 incontinenti.
1867 873 1870 879 ·

94 1230 160 1367 30'1
276 1167 387 1335 Da
413 1248 531 1332 non
559 1248 897 1333 noncnanno
924 1251 978 1331 nt
1006 1251 1221 1333 noscaris
1248 1253 1321 1333 ur
1348 1252 1512 1373 infun.

339 1463 523 1667 ffirenr
552 1597 728 1657 statutum
758 1597 813 1656 est
841 1577 942 1681 quod
971 1577 1092 1682 aliqua
1118 1604 1276 1681 persona
1295 1579 1557 1681 cuiuscumque
1580 1575 1807 1667 conditionis
1827 1577 1873 1655 sit

286 1734 363 1816 ullo
391 1736 511 1815 modo
540 1736 671 1814 audeat
700 1735 758 1814 uel
788 1755 973 1838 presumat
1001 1735 1181 1816 roncharo
1209 1755 1367 1856 strepate
1395 1735 1462 1842 (1)
1504 1733 1670 1814 claudere
1700 1761 1763 1814 seu
1791 1761 1874 1814 ron·

285 1894 382 1973 chari
412 1895 530 1973 cauari
561 1896 710 1998 strepari
738 1921 803 1974 seu
831 1894 949 1973 claudi
978 1893 1108 1973 lacere
1150 1892 1310 1998 aliquam
1342 1894 1620 1998 possessionem
1648 1919 1714 1973 seu
1741 1919 1874 1973 nemus

287 2051 325 2131 in
354 2052 497 2132 boscho
527 2053 659 2132 benalli
689 2051 808 2132 delexi
838 2072 875 2132 et
903 2055 940 2132 in
969 2054 1084 2133 costis
1102 2051 1362 2146 valanchatum
1383 2051 1450 2159 (2)
1473 2051 1688 2156 galiciamm
1708 2070 1745 2131 et
1764 2079 1873 2156 gutte

286 2230 363 2290 tam
393 2237 497 2289 suam
526 2239 637 2315 quam
666 2210 837 2291 alienam.
867 2213 911 2290 Et
938 2239 1096 2316 persona
1138 2239 1209 2316 que
1250 2210 1504 2291 contrafecerit
1532 2209 1652 2290 soluat
1679 2237 1747 2315 pro
1779 2237 1873 2316 pena

285 2396 352 2474 pro
382 2367 542 2488 qualibet
570 2387 607 2448 et
634 2369 796 2473 qualibet
824 2371 903 2449 uice
932 2369 1075 2461 solidos
1093 2397 1141 2450 nx
1159 2389 1335 2450 astenses.
1356 2370 1402 2448 Et
1420 2368 1521 2473 quod
1541 2367 1684 2449 nullum
1707 2368 1871 2448 bannum

287 2526 451 2607 soluatur
470 2526 515 2606 ab
535 2526 653 2632 aliqua
673 2554 829 2632 persona
849 2528 1045 2608 occasione
1064 2526 1218 2632 alicuius
1236 2527 1387 2632 dampni
1406 2525 1482 2606 dati
1501 2553 1566 2606 seu
1584 2525 1667 2606 facti
1687 2526 1724 2606 in
1748 2525 1872 2631 aliquo

286 2684 430 2764 roncho
467 2704 572 2788 prato
609 2687 686 2764 siue
716 2684 837 2764 blado.
868 2683 971 2764 lactis
999 2703 1127 2765 contra
1154 2689 1364 2789 presentem
1397 2683 1609 2788 capitulum.
1638 2684 1683 2762 Et
1711 2683 1873 2788 quelibet

285 2823 542 2946 personaque
572 2841 695 2921 lecerit
725 2841 912 2947 sequelam
941 2842 1100 2923 domino
1127 2843 1303 2947 potestati
1339 2860 1505 2921 teneatur
1534 2843 1649 2921 iurare
1677 2841 1872 2922 obseruare

284 2999 458 3103 predicta.
491 3001 535 3077 Et
564 2998 724 3103 quelibet
752 3027 909 3104 persona
927 3002 1045 3105 possit
1064 3000 1150 3079 inde
1170 3027 1338 3079 accusare
1358 3018 1395 3079 et
1414 3000 1447 3079 ei
1467 2999 1675 3079 iuramento
1694 2998 1872 3080 credatur.

287 3177 323 3237 et
351 3158 482 3237 habeat
510 3159 656 3237 tertiam
685 3178 826 3262 partem
854 3159 977 3237 banni.
998 3159 1044 3237 Et
1063 3159 1241 3258 dominus
1262 3177 1427 3263 potestas
1444 3135 1562 3262 possit
1582 3176 1618 3237 et
1636 3157 1769 3237 debeat
1787 3158 1873 3239 inde

286 3316 480 3419 inquirere.
511 3335 547 3395 et
575 3317 675 3420 quod
705 3315 809 3394 nullo
847 3316 965 3397 modo
1007 3318 1124 3421 possit
1167 3344 1288 3397 secare
1321 3316 1379 3396 uel
1408 3315 1529 3397 lenate
1558 3317 1596 3396 in
1624 3317 1738 3397 costis
1766 3345 1874 3421 gutte

286 3472 501 3576 galiciarum
529 3492 566 3552 et
593 3472 841 3552 rallancarum
869 3473 989 3578 aliqua
1016 3501 1174 3578 persona
1202 3477 1269 3554 sub
1286 3473 1420 3554 eadem
1446 3501 1552 3579 pena.
1581 3473 1641 3554 uel
1669 3472 1781 3553 lenari
1810 3501 1874 3554 seu

286 3632 398 3709 secari
428 3629 556 3711 lacere.

91 4082 165 4161 302
276 3961 387 4129 De
414 4043 686 4129 FERRARHS.

339 4258 526 4462 ffiren
551 4386 728 4447 statutum
758 4388 813 4448 est
845 4367 946 4473 quod
979 4368 1132 4473 quilibet
1160 4368 1337 4450 ferrarius.
1367 4369 1536 4449 habitans
1563 4386 1691 4454 baennis
1718 4370 1785 4477 (ς)
1812 4371 1873 4451 uel

286 4529 348 4631 qui
377 4527 539 4606 habitare
569 4526 729 4606 uoluerit
756 4544 923 4605 teneatur
942 4544 979 4605 et
998 4525 1130 4605 debeat
1149 4525 1265 4605 facere
1294 4526 1512 4630 ferramenta
1539 4526 1688 4607 cuilibet
1715 4554 1873 4632 persone

286 4682 333 4764 de
363 4683 516 4763 baennis
545 4702 582 4763 et
610 4682 660 4762 ibi
688 4684 857 4763 habitans
883 4702 924 4762 ut
952 4681 1044 4762 infra
1080 4684 1302 4763 continetur.
1339 4685 1461 4789 primo
1489 4712 1557 4790 pro
1585 4684 1778 4765 calciatura
1806 4685 1873 4791 (4)

288 4868 409 4921 masse
438 4843 505 4948 (ς)
533 4841 707 4923 denarios
734 4869 824 4922 xviri
852 4860 889 4922 et
917 4869 1003 4948 sape
1030 4841 1203 4922 denarios
1220 4870 1294 4923 xvi.
1316 4843 1410 4923 Item
1428 4871 1496 4949 pto
1520 4844 1655 4924 lactura
1674 4863 1768 4925 teste
1787 4871 1873 4950 sape

289 4999 460 5078 denarios
488 5026 563 5079 viu.
593 5019 630 5079 et
657 5028 724 5104 pro
753 4999 942 5079 calciatura
986 5003 1121 5080 securis
1154 5000 1296 5081 solidos
1324 5028 1360 5082 11.
1389 5019 1427 5081 et
1453 5029 1521 5107 pro
1548 5001 1740 5082 calciatura
1767 5001 1872 5081 cultri

167 5157 172 5167 ’
288 5156 451 5235 solidum
480 5185 501 5235 1.
532 5159 627 5236 Item
652 5185 720 5261 pro
749 5155 883 5236 factura
913 5160 1048 5238 securis
1076 5185 1175 5238 noue
1204 5157 1347 5239 solidos
1370 5186 1408 5238 111
1436 5178 1472 5238 et
1500 5158 1672 5238 denarios
1693 5184 1732 5238 v1
1751 5177 1787 5237 et
1805 5184 1873 5263 pro

289 5313 424 5392 lactura
453 5314 627 5395 teniuelle
656 5315 819 5430 solidum
848 5344 857 5395 1
887 5335 924 5395 et
951 5315 1108 5396 tiniuelli
1136 5316 1280 5396 siueleri
1300 5316 1367 5423 (6)
1387 5316 1559 5396 denarios
1585 5343 1623 5396 vt
1651 5334 1687 5395 et
1714 5342 1782 5420 pro
1805 5313 1874 5396 fac·

288 5489 366 5550 tura
395 5473 588 5553 cuiuslibet
617 5473 753 5555 buxole
781 5502 906 5553 currus
948 5494 984 5553 et
1025 5502 1092 5577 pro
1134 5474 1295 5578 qualibet
1323 5473 1412 5553 libra
1440 5474 1543 5553 ferrei
1573 5473 1744 5554 denarios
1771 5501 1809 5553 111
1837 5491 1873 5552 et
