4800 6698
301 658 374 737 272
490 557 603 723 DE
630 637 748 722 NON
776 636 1062 720 UASTANDO
1089 636 1332 734 ALIQUAM
1349 634 1600 721 ARBOREM
1617 634 1962 719 DOMESTICAM
1980 636 2078 719 UEL

646 793 981 878 SALUATICAM
1007 793 1252 877 ALIENAM.

561 1058 592 1193 Ξ;
655 1125 733 1180 Tam
761 1118 940 1181 statutum
970 1118 1025 1181 est
1053 1100 1154 1205 quod
1183 1102 1214 1180 si
1241 1100 1362 1207 aliqua
1388 1128 1546 1207 persona
1573 1102 1743 1182 inciderit
1775 1101 1992 1182 scaluauerit
2020 1102 2079 1183 uel

497 1259 616 1338 modo
643 1257 769 1363 aliquo
798 1259 995 1338 uastauerit
1021 1257 1082 1338 uel
1110 1256 1317 1339 boscauerit
1336 1286 1401 1339 seu
1419 1261 1567 1366 ceperit.
1587 1258 1648 1339 uel
1675 1261 1899 1339 arancauerit
1916 1229 2076 1366 aliquam

496 1418 667 1496 arborem
694 1414 941 1504 domesticam
970 1415 1129 1495 alienam
1156 1415 1217 1495 uel
1246 1418 1360 1496 etiam
1388 1416 1614 1496 saluaticam.
1643 1416 1855 1497 dummodo
1883 1417 1931 1496 sit
1959 1417 2080 1498 fructi-

496 1572 582 1653 fera.
612 1572 734 1652 soluat
749 1601 828 1690 wpro
856 1600 950 1677 pena
977 1600 1046 1677 pro
1074 1572 1237 1678 qualibet
1277 1601 1448 1679 persona.
1479 1593 1516 1654 et
1543 1572 1705 1680 qualibet
1736 1576 1829 1654 uice.
1859 1595 1896 1655 et
1923 1573 2085 1679 qualibet

399 1707 402 1713 ⁶
497 1734 627 1811 arbore
656 1730 799 1811 solidos
826 1758 851 1810 x
879 1759 947 1836 pro
977 1733 1114 1811 banno
1144 1751 1181 1811 et
1209 1731 1352 1812 solidos
1378 1759 1405 1812 x
1431 1760 1500 1837 pro
1533 1733 1691 1813 emenda
1718 1759 1828 1838 passo
1861 1732 2080 1838 dampnum.

499 1891 547 1970 Et
576 1890 606 1969 si
635 1889 840 1995 dampnum
869 1909 966 1970 esset
993 1890 1113 1970 maius
1141 1889 1298 1970 emenda
1332 1889 1471 1970 debeat
1511 1891 1702 1971 restituere
1736 1918 1846 1995 passo
1882 1891 2086 1997 dampnum

497 2066 643 2128 tantum
670 2047 753 2152 plus
780 2066 959 2152 quantum
988 2049 1208 2128 extimarum
1238 2029 1346 2128 esset.
1375 2075 1440 2152 per
1468 2049 1708 2129 extimatores
1735 2050 1908 2129 comunis
1945 2049 2085 2130 electos

499 2233 606 2310 super
633 2204 780 2285 damnis
808 2205 1043 2286 extimandis
1074 2226 1111 2286 et
1137 2206 1373 2287 restituendis
1399 2233 1420 2286 a
1448 2207 1652 2311 campariis.
1673 2208 1719 2286 Et
1738 2206 1900 2311 quelibet
1926 2234 2085 2312 persona

497 2365 617 2469 possit
644 2364 731 2443 inde
759 2391 927 2444 accusare
956 2384 1033 2444 tam
1051 2364 1098 2445 de
1118 2392 1186 2445 suo
1207 2365 1371 2471 dampno
1395 2392 1507 2470 quam
1526 2363 1573 2445 de
1592 2364 1727 2444 alienu.
1749 2384 1785 2445 et
1813 2367 1846 2445 ei
1875 2366 2084 2446 iuramento

499 2523 666 2602 credatur
696 2542 732 2602 et
759 2523 891 2602 habeat
918 2524 1065 2602 tertiam
1091 2543 1233 2628 partem
1275 2523 1399 2603 banni.
1428 2524 1475 2602 Et
1502 2543 1668 2628 potestas
1710 2525 1827 2628 possit
1854 2523 1940 2604 inde
1969 2524 2086 2629 inqui·

499 2705 589 2759 rere.
619 2707 697 2759 non
724 2679 894 2759 obstante
922 2679 1046 2785 aliquo
1074 2681 1248 2786 capitulo.
1277 2680 1338 2760 uel
1366 2679 1629 2761 ordinamento
1658 2682 1696 2760 in
1715 2682 1941 2761 contrarium
1969 2679 2081 2774 facto.

499 2835 559 2917 uel
587 2804 746 2916 facturo*
769 2835 873 2917 saluo
901 2837 1003 2941 quod
1031 2804 1181 2919 arbores
1207 2839 1301 2918 ruris
1328 2802 1419 2918 cerri
1448 2802 1706 2919 cornalisnon
1725 2798 2087 2943 comprehendantur

500 2995 537 3073 in
567 2994 668 3073 dicto
696 2994 867 3099 capitulo
1840 2969 1843 2973 ‚

304 3550 376 3629 273
494 3438 696 3649 Qtoo
724 3519 910 3604 uenat
927 3518 1160 3603 cumam
1179 3517 1492 3605 personans
1505 3517 1725 3605 naturus
1743 3519 1982 3606 uumerus
1995 3518 2083 3605 no-

649 3677 829 3764 scnuu
855 3677 1009 3778 Quoo
1038 3677 1212 3763 naum
1238 3677 1295 3762 ru
1320 3676 1580 3763 nauauo

559 3897 739 4101 Qum
768 4010 946 4072 statutum
976 3992 1153 4096 estquod
1173 3990 1280 4070 liceat
1308 3991 1458 4072 cuilibet
1476 4019 1634 4096 persone
1663 3993 1709 4073 de
1737 3992 1891 4073 baennis
1918 3993 2080 4073 uendere

501 4169 538 4230 et
566 4176 806 4255 quocumque
833 4149 908 4229 alio
936 4149 1046 4228 titulo
1076 4149 1233 4230 alienare
1276 4150 1457 4229 boschum
1501 4177 1610 4230 suum
1651 4151 1752 4255 quod
1794 4151 1904 4230 habet
1931 4150 1991 4231 uel
2018 4177 2087 4257 pro

501 4327 669 4413 tempore
684 4307 851 4386 habuerit
878 4307 916 4386 in
943 4333 1099 4386 nemore
1127 4304 1261 4386 banalli
1289 4308 1459 4411 personis
1477 4306 1523 4387 de
1542 4307 1699 4387 baennis
1726 4328 1763 4388 et
1791 4336 1868 4388 non
1888 4310 2085 4393 extraneis.

500 4484 578 4546 tam
607 4464 731 4545 solum
758 4491 869 4568 quam
897 4463 1080 4543 boschum
1109 4466 1192 4543 sine.
1215 4491 1310 4567 pena
1338 4483 1375 4543 et
1402 4466 1540 4544 banno.
1583 4466 1747 4570 exceptis
1774 4465 2040 4546 habitatoribus
2067 4494 2088 4545 a

501 4600 551 4705 rix
577 4607 687 4702 annis
714 4623 802 4701 citra
830 4622 892 4725 qui
920 4648 998 4701 non
1026 4622 1171 4726 possint
1212 4596 1372 4701 uendere
1414 4649 1482 4702 nec
1496 4689 1504 4695 ..
1523 4620 1681 4703 alienare
1723 4621 1848 4729 aliquo
1877 4624 2006 4704 modo
2023 4621 2089 4704 bo·

503 4782 633 4861 schum
661 4806 782 4860 suum.
812 4779 913 4885 quod
955 4780 988 4859 ei
1029 4780 1238 4884 peruenerit
1280 4781 1317 4859 in
1357 4799 1500 4885 partem
1528 4781 1567 4861 in
1596 4780 1697 4861 dicto
1725 4781 1868 4863 boscho
1897 4783 1964 4874 sub
1993 4810 2088 4888 pena
2142 4885 2146 4892 ι

502 4939 710 5020 solidorum
739 4965 787 5018 rx
813 4964 882 5044 pro
910 4936 1071 5042 qualibet
1097 4963 1255 5042 persona
1283 4938 1580 5018 contrafaciente.
1602 4940 1648 5018 Et
1667 4939 1829 5044 quelibet
1855 4941 1975 5044 possit
2002 4940 2089 5039 inde
2195 5030 2198 5036 ,

502 5123 671 5177 accusare
700 5093 1004 5176 contrafacientes
1032 5113 1069 5174 et
1098 5097 1130 5174 ei
1160 5096 1368 5174 iuramento
1387 5095 1555 5176 credatur
1575 5114 1611 5175 et
1630 5097 1762 5177 habeat
1780 5099 1926 5176 tertiam
1946 5117 2088 5202 partem

454 5294 456 5297 ¹
502 5256 626 5334 banni.
655 5255 701 5333 Et
729 5274 893 5359 potestas
919 5255 1037 5359 possit
1065 5253 1150 5334 inde
1179 5254 1371 5359 inquirere.
