1496 1873
329 311 367 336 248
424 291 526 343 QJOD
539 312 618 332 FILIUS
632 311 751 332 FAMIJ-IAS
764 311 824 331 NON
834 312 924 332 POSSIT
933 312 961 332 SE
973 311 1104 332 OBLIGARE
1118 312 1168 332 NEC
1183 312 1220 332 IM·

503 351 653 372 PIGNORARE
667 351 787 376 ALIQUOD
802 351 895 371 PIGNUS
909 352 936 371 IN
950 351 1078 372 TABERNA.

456 405 547 456 ffirffl
557 433 646 448 statutum
656 433 684 448 est
697 428 748 454 quod
758 428 790 448 filii
805 428 884 448 familias
897 433 916 448 et
930 428 1028 454 masnengi
1043 428 1130 448 omnium
1140 435 1226 454 persona-

427 475 468 488 rum
483 468 506 488 de
516 468 593 488 baennis
602 475 641 488 non
651 468 723 494 possint
733 467 816 494 obligare
826 467 886 494 aliqua
895 468 974 494 pignora
984 472 1057 494 patrum
1071 472 1090 487 et
1104 468 1225 488 dominorum

428 514 505 528 suorum
519 508 538 528 in
552 507 613 534 aliqua
627 507 701 528 taberna
716 514 750 528 nec
764 507 787 528 ad
801 507 882 534 aliquem
896 507 967 527 ludum.
978 512 996 527 et
1006 507 1020 528 si
1035 507 1160 534 obligauerint
1174 507 1225 534 quod

427 552 478 574 pater
492 552 510 567 et
524 547 613 567 dominus
626 548 699 574 possint
714 547 763 567 dicta
773 548 852 574 pignora
861 547 928 567 habere
942 551 961 567 et
974 554 1081 574 recuperare
1091 548 1130 567 sine
1140 554 1164 567 eo
1174 547 1225 573 quod

428 587 472 607 dent
486 587 555 613 aliquid
569 587 606 607 illis
620 587 686 613 quibus
700 587 749 607 dicta
762 587 842 613 pignora
856 586 986 613 obligauerint.

329 698 367 717 249
424 673 480 714 DE
494 693 627 714 CAPITULIS
640 694 826 714 EXEMPLANDIS.
847 692 881 719 (2)

456 748 546 798 ΕΕΤΕΜ
560 776 650 791 statutum
670 776 698 791 est
712 771 763 797 quod
777 775 861 797 potestas
875 776 893 791 et
907 770 973 791 sindici
990 771 1104 791 baennarum
1128 775 1226 791 teneantur

427 810 529 837 exemplari
543 810 601 830 facere
620 810 699 837 capitula
720 811 784 830 omnia
805 810 919 830 baennarum
933 811 952 830 in
966 817 1005 830 uno
1019 810 1116 830 uolumine
1131 817 1163 830 seu
1178 810 1226 830 libro

427 851 491 877 papiri.
506 855 524 871 et
538 850 596 870 facere
611 855 674 870 tenere
688 850 760 870 dictum
774 850 841 870 librum
855 850 874 870 in
888 850 966 870 coffono
979 850 1013 877 (3)
1027 850 1114 870 comunis
1130 850 1224 870 continue.

427 890 451 910 Et
465 890 480 910 si
494 890 602 916 reperiretur
617 889 656 910 ullo
670 895 755 916 tempore
770 890 844 916 aliquod
866 889 967 916 capitulum
988 890 1076 916 scriptum
1093 890 1112 909 in
1126 889 1164 909 alio
1178 889 1226 909 libro

428 929 551 956 capitulorum
564 936 603 956 quo
617 930 673 949 utitur
687 930 742 950 curia.
758 936 798 950 esse
812 929 831 949 in
841 929 903 956 aliquo
917 930 1008 949 uariatum
1022 929 1052 949 uel
1066 929 1162 949 continere
1176 929 1225 949 aliud

427 969 469 996 plus
482 969 512 990 uel
527 970 589 989 minus
603 976 659 996 quam
673 970 789 989 contineatur
804 970 822 989 in
836 969 887 989 dicto
902 969 983 995 capitulo
996 969 1060 995 posito
1072 969 1090 989 in
1100 969 1185 989 coffono.
1195 969 1226 989 de-

428 1009 470 1029 beat
484 1009 567 1029 adhiberi
580 1008 628 1029 fides
641 1009 692 1029 dicto
706 1009 788 1035 capitulo
797 1009 860 1035 posito
874 1009 893 1028 in
907 1008 985 1029 coffono
999 1013 1018 1028 et
1031 1008 1079 1029 libro
1089 1013 1108 1029 et
1118 1015 1157 1028 non
1166 1008 1225 1028 alteri.
