<?xml version="1.0" encoding="UTF-8"?>
<!DOCTYPE html PUBLIC "-//W3C//DTD XHTML 1.0 Transitional//EN"
    "http://www.w3.org/TR/xhtml1/DTD/xhtml1-transitional.dtd">
<html xmlns="http://www.w3.org/1999/xhtml" xml:lang="en" lang="en">
 <head>
  <title>
</title>
<meta http-equiv="Content-Type" content="text/html;charset=utf-8" />
  <meta name='ocr-system' content='tesseract 3.04.00' />
  <meta name='ocr-capabilities' content='ocr_page ocr_carea ocr_par ocr_line ocrx_word'/>
</head>
<body>
  <div class='ocr_page' id='page_1' title='image "./capitulaetstatu00assagoog_0013.png"; bbox 0 0 4800 6696; ppageno 0'>
   <div class='ocr_carea' id='block_1_1' title="bbox 398 431 1754 3293">
    <p class='ocr_par' dir='ltr' id='par_1_1' title="bbox 409 431 1100 853">
     <span class='ocr_line' id='line_1_1' title="bbox 409 431 1069 594; baseline 0.009 -47"><span class='ocrx_word' id='word_1_1' title='bbox 409 444 447 542; x_wconf 83' lang='lat' dir='ltr'>f·</span> <span class='ocrx_word' id='word_1_2' title='bbox 547 501 602 547; x_wconf 89' lang='lat'>·11.</span> <span class='ocrx_word' id='word_1_3' title='bbox 646 431 720 594; x_wconf 67' lang='lat' dir='ltr'>De</span> <span class='ocrx_word' id='word_1_4' title='bbox 743 491 876 576; x_wconf 87' lang='lat' dir='ltr'>pignore</span> <span class='ocrx_word' id='word_1_5' title='bbox 900 488 1069 555; x_wconf 76' lang='lat' dir='ltr'>reddendo,</span> 
     </span>
     <span class='ocr_line' id='line_1_2' title="bbox 645 682 1100 837; baseline -0.002 -38"><span class='ocrx_word' id='word_1_6' title='bbox 645 682 721 837; x_wconf 67' lang='lat' dir='ltr'>De</span> <span class='ocrx_word' id='word_1_7' title='bbox 744 735 878 821; x_wconf 87' lang='lat' dir='ltr'>pignore</span> <span class='ocrx_word' id='word_1_8' title='bbox 901 731 1100 800; x_wconf 84' lang='lat' dir='ltr'>excutiendo.</span> 
     </span>
    </p>

    <p class='ocr_par' dir='ltr' id='par_1_2' title="bbox 406 928 1049 1083">
     <span class='ocr_line' id='line_1_3' title="bbox 406 928 1049 1083; baseline 0.008 -46"><span class='ocrx_word' id='word_1_9' title='bbox 406 932 444 1032; x_wconf 77' lang='lat' dir='ltr'>f·</span> <span class='ocrx_word' id='word_1_10' title='bbox 549 990 604 1038; x_wconf 78' lang='lat'>1111.</span> <span class='ocrx_word' id='word_1_11' title='bbox 648 928 721 1083; x_wconf 61' lang='lat' dir='ltr'>De</span> <span class='ocrx_word' id='word_1_12' title='bbox 746 978 856 1045; x_wconf 87' lang='lat' dir='ltr'>dandis</span> <span class='ocrx_word' id='word_1_13' title='bbox 882 975 1049 1044; x_wconf 86' lang='lat' dir='ltr'>tutoribus.</span> 
     </span>
    </p>

    <p class='ocr_par' dir='ltr' id='par_1_3' title="bbox 406 1170 1349 1572">
     <span class='ocr_line' id='line_1_4' title="bbox 406 1170 1349 1331; baseline 0.004 -48"><span class='ocrx_word' id='word_1_14' title='bbox 406 1178 444 1276; x_wconf 81' lang='lat' dir='ltr'>f·</span> <span class='ocrx_word' id='word_1_15' title='bbox 529 1280 531 1287; x_wconf 89' lang='grc'>,</span> <span class='ocrx_word' id='word_1_16' title='bbox 571 1236 603 1282; x_wconf 83' lang='grc' dir='ltr'>ν.</span> <span class='ocrx_word' id='word_1_17' title='bbox 644 1170 719 1331; x_wconf 70' lang='lat' dir='ltr'>De</span> <span class='ocrx_word' id='word_1_18' title='bbox 742 1221 920 1308; x_wconf 86' lang='lat' dir='ltr'>petentibus</span> <span class='ocrx_word' id='word_1_19' title='bbox 943 1220 1084 1287; x_wconf 86' lang='lat' dir='ltr'>debitum</span> <span class='ocrx_word' id='word_1_20' title='bbox 1109 1224 1173 1287; x_wconf 87' lang='lat' dir='ltr'>iam</span> <span class='ocrx_word' id='word_1_21' title='bbox 1198 1222 1349 1287; x_wconf 89' lang='lat' dir='ltr'>solutum.</span> 
     </span>
     <span class='ocr_line' id='line_1_5' title="bbox 644 1415 950 1572; baseline -0.007 -40"><span class='ocrx_word' id='word_1_22' title='bbox 644 1415 717 1570; x_wconf 68' lang='lat' dir='ltr'>De</span> <span class='ocrx_word' id='word_1_23' title='bbox 730 1466 950 1572; x_wconf 31' lang='lat' dir='ltr'>&#39;citationibus</span> 
     </span>
    </p>

    <p class='ocr_par' dir='ltr' id='par_1_4' title="bbox 406 1659 1057 1814">
     <span class='ocr_line' id='line_1_6' title="bbox 406 1659 1057 1814; baseline 0.022 -51"><span class='ocrx_word' id='word_1_24' title='bbox 406 1664 444 1763; x_wconf 79' lang='lat' dir='ltr'>f.</span> <span class='ocrx_word' id='word_1_25' title='bbox 547 1722 602 1769; x_wconf 86' lang='lat' dir='ltr'>vn.</span> <span class='ocrx_word' id='word_1_26' title='bbox 643 1659 719 1814; x_wconf 70' lang='lat' dir='ltr'>De</span> <span class='ocrx_word' id='word_1_27' title='bbox 744 1712 866 1777; x_wconf 85' lang='lat' dir='ltr'>ratione</span> <span class='ocrx_word' id='word_1_28' title='bbox 891 1709 1057 1777; x_wconf 87' lang='lat' dir='ltr'>reddenda.</span> 
     </span>
    </p>

    <p class='ocr_par' dir='ltr' id='par_1_5' title="bbox 403 1905 1754 2559">
     <span class='ocr_line' id='line_1_7' title="bbox 403 1905 1368 2061; baseline 0.003 -41"><span class='ocrx_word' id='word_1_29' title='bbox 403 1908 441 2006; x_wconf 79' lang='lat' dir='ltr'>f·</span> <span class='ocrx_word' id='word_1_30' title='bbox 534 1965 600 2014; x_wconf 87' lang='lat' dir='ltr'>vm.</span> <span class='ocrx_word' id='word_1_31' title='bbox 640 1905 718 2061; x_wconf 69' lang='lat' dir='ltr'>De</span> <span class='ocrx_word' id='word_1_32' title='bbox 741 1956 954 2022; x_wconf 86' lang='lat' dir='ltr'>instrumento</span> <span class='ocrx_word' id='word_1_33' title='bbox 977 1955 1074 2022; x_wconf 89' lang='lat' dir='ltr'>debiti</span> <span class='ocrx_word' id='word_1_34' title='bbox 1097 1979 1163 2022; x_wconf 93' lang='lat' dir='ltr'>non</span> <span class='ocrx_word' id='word_1_35' title='bbox 1187 1955 1368 2024; x_wconf 89' lang='lat' dir='ltr'>reficiendo.</span> 
     </span>
     <span class='ocr_line' id='line_1_8' title="bbox 640 2149 1754 2297; baseline 0.002 -31"><span class='ocrx_word' id='word_1_36' title='bbox 640 2149 719 2297; x_wconf 75' lang='lat' dir='ltr'>De</span> <span class='ocrx_word' id='word_1_37' title='bbox 741 2199 982 2267; x_wconf 83' lang='lat' dir='ltr'>denunciatione</span> <span class='ocrx_word' id='word_1_38' title='bbox 1006 2201 1148 2267; x_wconf 73' lang='lat' dir='ltr'>iacienda</span> <span class='ocrx_word' id='word_1_39' title='bbox 1173 2201 1266 2268; x_wconf 88' lang='lat' dir='ltr'>alicui</span> <span class='ocrx_word' id='word_1_40' title='bbox 1289 2221 1323 2268; x_wconf 89' lang='lat' dir='ltr'>ut</span> <span class='ocrx_word' id='word_1_41' title='bbox 1346 2221 1554 2290; x_wconf 88' lang='lat' dir='ltr'>prosequatur</span> <span class='ocrx_word' id='word_1_42' title='bbox 1577 2205 1625 2268; x_wconf 89' lang='lat' dir='ltr'>ius</span> <span class='ocrx_word' id='word_1_43' title='bbox 1650 2225 1754 2269; x_wconf 79' lang='lat' dir='ltr'>suunt.</span> 
     </span>
     <span class='ocr_line' id='line_1_9' title="bbox 642 2392 1414 2559; baseline 0 -49"><span class='ocrx_word' id='word_1_44' title='bbox 642 2392 719 2559; x_wconf 50' lang='lat' dir='ltr'>..Ut</span> <span class='ocrx_word' id='word_1_45' title='bbox 741 2446 953 2511; x_wconf 84' lang='lat' dir='ltr'>saxinaentum</span> <span class='ocrx_word' id='word_1_46' title='bbox 978 2467 1043 2511; x_wconf 90' lang='lat' dir='ltr'>non</span> <span class='ocrx_word' id='word_1_47' title='bbox 1067 2445 1119 2510; x_wconf 88' lang='lat' dir='ltr'>fiat</span> <span class='ocrx_word' id='word_1_48' title='bbox 1143 2444 1251 2547; x_wconf 81' lang='lat' dir='ltr'>indie</span> <span class='ocrx_word' id='word_1_49' title='bbox 1275 2448 1414 2512; x_wconf 86' lang='lat' dir='ltr'>mercati.</span> 
     </span>
    </p>

    <p class='ocr_par' dir='ltr' id='par_1_6' title="bbox 400 2638 1438 3050">
     <span class='ocr_line' id='line_1_10' title="bbox 400 2638 1438 2805; baseline 0.002 -51"><span class='ocrx_word' id='word_1_50' title='bbox 400 2655 438 2754; x_wconf 82' lang='lat' dir='ltr'>f.</span> <span class='ocrx_word' id='word_1_51' title='bbox 519 2662 606 2760; x_wconf 75' lang='lat' dir='ltr'>vnn.¹</span> <span class='ocrx_word' id='word_1_52' title='bbox 641 2638 718 2805; x_wconf 65' lang='lat' dir='ltr'>De</span> <span class='ocrx_word' id='word_1_53' title='bbox 742 2688 874 2755; x_wconf 84' lang='lat' dir='ltr'>muliere</span> <span class='ocrx_word' id='word_1_54' title='bbox 898 2707 1037 2776; x_wconf 87' lang='lat' dir='ltr'>separata</span> <span class='ocrx_word' id='word_1_55' title='bbox 1060 2688 1098 2754; x_wconf 90' lang='lat' dir='ltr'>ab</span> <span class='ocrx_word' id='word_1_56' title='bbox 1122 2690 1264 2777; x_wconf 90' lang='lat' dir='ltr'>hospitio</span> <span class='ocrx_word' id='word_1_57' title='bbox 1287 2676 1438 2757; x_wconf 84' lang='lat' dir='ltr'>filiorum.</span> 
     </span>
     <span class='ocr_line' id='line_1_11' title="bbox 642 2882 1403 3050; baseline 0.001 -51"><span class='ocrx_word' id='word_1_58' title='bbox 642 2882 717 3050; x_wconf 65' lang='lat' dir='ltr'>De</span> <span class='ocrx_word' id='word_1_59' title='bbox 741 2931 896 2999; x_wconf 87' lang='lat' dir='ltr'>euitendis</span> <span class='ocrx_word' id='word_1_60' title='bbox 919 2932 1030 2999; x_wconf 90' lang='lat' dir='ltr'>bannis</span> <span class='ocrx_word' id='word_1_61' title='bbox 1054 2932 1403 3021; x_wconf 85' lang='lat' dir='ltr'>comdempnationum.</span> 
     </span>
    </p>

    <p class='ocr_par' dir='ltr' id='par_1_7' title="bbox 398 3127 1305 3293">
     <span class='ocr_line' id='line_1_12' title="bbox 398 3127 1305 3293; baseline 0.002 -51"><span class='ocrx_word' id='word_1_62' title='bbox 398 3143 437 3242; x_wconf 79' lang='lat' dir='ltr'>f.</span> <span class='ocrx_word' id='word_1_63' title='bbox 561 3200 592 3247; x_wconf 86' lang='lat' dir='ltr'>x.</span> <span class='ocrx_word' id='word_1_64' title='bbox 640 3127 718 3293; x_wconf 67' lang='lat' dir='ltr'>De</span> <span class='ocrx_word' id='word_1_65' title='bbox 742 3179 832 3265; x_wconf 90' lang='lat' dir='ltr'>copia</span> <span class='ocrx_word' id='word_1_66' title='bbox 857 3176 996 3244; x_wconf 84' lang='lat' dir='ltr'>facienda</span> <span class='ocrx_word' id='word_1_67' title='bbox 1020 3177 1240 3265; x_wconf 87' lang='lat' dir='ltr'>capitulorum.</span> <span class='ocrx_word' id='word_1_68' title='bbox 1302 3249 1305 3257; x_wconf 59' lang='grc'>,</span> 
     </span>
    </p>
   </div>
   <div class='ocr_carea' id='block_1_2' title="bbox 399 3372 1989 3539">
    <p class='ocr_par' dir='ltr' id='par_1_8' title="bbox 399 3372 1989 3539">
     <span class='ocr_line' id='line_1_13' title="bbox 399 3372 1989 3539; baseline 0.003 -51"><span class='ocrx_word' id='word_1_69' title='bbox 399 3389 437 3488; x_wconf 79' lang='lat' dir='ltr'>f.</span> <span class='ocrx_word' id='word_1_70' title='bbox 552 3446 597 3493; x_wconf 85' lang='lat' dir='ltr'>x1.</span> <span class='ocrx_word' id='word_1_71' title='bbox 640 3372 776 3539; x_wconf 80' lang='lat' dir='ltr'>Quod</span> <span class='ocrx_word' id='word_1_72' title='bbox 800 3424 908 3490; x_wconf 86' lang='lat' dir='ltr'>omnia</span> <span class='ocrx_word' id='word_1_73' title='bbox 931 3423 1044 3511; x_wconf 81' lang='lat' dir='ltr'>placita</span> <span class='ocrx_word' id='word_1_74' title='bbox 1061 3424 1218 3492; x_wconf 85' lang='lat' dir='ltr'>ordinaria</span> <span class='ocrx_word' id='word_1_75' title='bbox 1234 3424 1368 3491; x_wconf 87' lang='lat' dir='ltr'>debeant</span> <span class='ocrx_word' id='word_1_76' title='bbox 1384 3424 1484 3492; x_wconf 86' lang='lat' dir='ltr'>audiri</span> <span class='ocrx_word' id='word_1_77' title='bbox 1500 3444 1530 3492; x_wconf 92' lang='lat' dir='ltr'>et</span> <span class='ocrx_word' id='word_1_78' title='bbox 1547 3427 1697 3513; x_wconf 83' lang='lat' dir='ltr'>cognosci</span> <span class='ocrx_word' id='word_1_79' title='bbox 1714 3449 1771 3513; x_wconf 87' lang='lat' dir='ltr'>per</span> <span class='ocrx_word' id='word_1_80' title='bbox 1787 3443 1989 3513; x_wconf 87' lang='lat' dir='ltr'>potestatem.</span> 
     </span>
    </p>
   </div>
   <div class='ocr_carea' id='block_1_3' title="bbox 635 3617 1008 3785">
    <p class='ocr_par' dir='ltr' id='par_1_9' title="bbox 635 3617 1008 3785">
     <span class='ocr_line' id='line_1_14' title="bbox 635 3617 1008 3785; baseline 0 -51"><span class='ocrx_word' id='word_1_81' title='bbox 635 3617 715 3785; x_wconf 67' lang='lat' dir='ltr'>De</span> <span class='ocrx_word' id='word_1_82' title='bbox 738 3666 1008 3756; x_wconf 80' lang='lat' dir='ltr'>appellationibus.</span> 
     </span>
    </p>
   </div>
   <div class='ocr_carea' id='block_1_4' title="bbox 315 3861 1823 5252">
    <p class='ocr_par' dir='ltr' id='par_1_10' title="bbox 315 3861 1823 5252">
     <span class='ocr_line' id='line_1_15' title="bbox 636 3861 993 4031; baseline 0.003 -53"><span class='ocrx_word' id='word_1_83' title='bbox 636 3861 715 4031; x_wconf 65' lang='lat' dir='ltr'>De</span> <span class='ocrx_word' id='word_1_84' title='bbox 737 3912 808 3979; x_wconf 87' lang='lat' dir='ltr'>data</span> <span class='ocrx_word' id='word_1_85' title='bbox 832 3911 993 3979; x_wconf 88' lang='lat' dir='ltr'>soluenda.</span> 
     </span>
     <span class='ocr_line' id='line_1_16' title="bbox 315 4104 1408 4273; baseline 0.001 -53"><span class='ocrx_word' id='word_1_86' title='bbox 315 4246 319 4253; x_wconf 19' lang='lat'><strong>⁴</strong></span> <span class='ocrx_word' id='word_1_87' title='bbox 397 4122 435 4220; x_wconf 82' lang='lat' dir='ltr'>f.</span> <span class='ocrx_word' id='word_1_88' title='bbox 539 4181 593 4227; x_wconf 87' lang='lat' dir='ltr'>xn.</span> <span class='ocrx_word' id='word_1_89' title='bbox 637 4104 714 4273; x_wconf 66' lang='lat' dir='ltr'>De</span> <span class='ocrx_word' id='word_1_90' title='bbox 738 4156 830 4222; x_wconf 90' lang='lat' dir='ltr'>rebus</span> <span class='ocrx_word' id='word_1_91' title='bbox 854 4155 964 4223; x_wconf 87' lang='lat' dir='ltr'>dandis</span> <span class='ocrx_word' id='word_1_92' title='bbox 987 4156 1163 4224; x_wconf 88' lang='lat' dir='ltr'>insolutum</span> <span class='ocrx_word' id='word_1_93' title='bbox 1187 4155 1408 4224; x_wconf 86' lang='lat' dir='ltr'>creditoribus.</span> 
     </span>
     <span class='ocr_line' id='line_1_17' title="bbox 638 4351 1823 4516; baseline 0.002 -48"><span class='ocrx_word' id='word_1_94' title='bbox 638 4351 713 4516; x_wconf 66' lang='lat' dir='ltr'>De</span> <span class='ocrx_word' id='word_1_95' title='bbox 737 4401 829 4468; x_wconf 90' lang='lat' dir='ltr'>rebus</span> <span class='ocrx_word' id='word_1_96' title='bbox 854 4402 1012 4469; x_wconf 88' lang='lat' dir='ltr'>malorum</span> <span class='ocrx_word' id='word_1_97' title='bbox 1036 4403 1215 4470; x_wconf 88' lang='lat' dir='ltr'>debitorum</span> <span class='ocrx_word' id='word_1_98' title='bbox 1241 4402 1351 4469; x_wconf 85' lang='lat' dir='ltr'>dandis</span> <span class='ocrx_word' id='word_1_99' title='bbox 1375 4403 1550 4469; x_wconf 89' lang='lat' dir='ltr'>insolutum</span> <span class='ocrx_word' id='word_1_100' title='bbox 1575 4402 1823 4470; x_wconf 86' lang='lat' dir='ltr'>fideiusson&#39;bus.</span> 
     </span>
     <span class='ocr_line' id='line_1_18' title="bbox 637 4597 948 4765; baseline 0.006 -53"><span class='ocrx_word' id='word_1_101' title='bbox 637 4597 713 4765; x_wconf 65' lang='lat' dir='ltr'>De</span> <span class='ocrx_word' id='word_1_102' title='bbox 738 4647 948 4714; x_wconf 87' lang='lat' dir='ltr'>liuratoribus.</span> 
     </span>
     <span class='ocr_line' id='line_1_19' title="bbox 636 4843 1428 5007; baseline 0.001 -49"><span class='ocrx_word' id='word_1_103' title='bbox 636 4843 713 5007; x_wconf 64' lang='lat' dir='ltr'>De</span> <span class='ocrx_word' id='word_1_104' title='bbox 737 4893 829 4960; x_wconf 89' lang='lat' dir='ltr'>rebus</span> <span class='ocrx_word' id='word_1_105' title='bbox 854 4894 973 4961; x_wconf 86' lang='lat' dir='ltr'>liuratis</span> <span class='ocrx_word' id='word_1_106' title='bbox 997 4893 1198 4962; x_wconf 86' lang='lat' dir='ltr'>restituendis</span> <span class='ocrx_word' id='word_1_107' title='bbox 1223 4893 1428 4962; x_wconf 87' lang='lat' dir='ltr'>debitoribus.</span> 
     </span>
     <span class='ocr_line' id='line_1_20' title="bbox 634 5088 1071 5252; baseline -0.007 -41"><span class='ocrx_word' id='word_1_108' title='bbox 634 5088 713 5252; x_wconf 68' lang='lat' dir='ltr'>De</span> <span class='ocrx_word' id='word_1_109' title='bbox 736 5143 849 5209; x_wconf 86' lang='lat' dir='ltr'>salario</span> <span class='ocrx_word' id='word_1_110' title='bbox 873 5142 1071 5209; x_wconf 87' lang='lat' dir='ltr'>liuratorum.</span> 
     </span>
    </p>
   </div>
   <div class='ocr_carea' id='block_1_5' title="bbox 395 5337 1711 5514">
    <p class='ocr_par' dir='ltr' id='par_1_11' title="bbox 395 5337 1711 5514">
     <span class='ocr_line' id='line_1_21' title="bbox 395 5337 1711 5514; baseline -0.004 -57"><span class='ocrx_word' id='word_1_111' title='bbox 395 5342 433 5443; x_wconf 75' lang='lat' dir='ltr'>f·</span> <span class='ocrx_word' id='word_1_112' title='bbox 526 5404 593 5450; x_wconf 83' lang='lat' dir='ltr'>xm.</span> <span class='ocrx_word' id='word_1_113' title='bbox 638 5337 774 5514; x_wconf 65' lang='lat' dir='ltr'>Quod</span> <span class='ocrx_word' id='word_1_114' title='bbox 797 5391 978 5479; x_wconf 87' lang='lat' dir='ltr'>principalis</span> <span class='ocrx_word' id='word_1_115' title='bbox 1002 5391 1088 5477; x_wconf 88' lang='lat' dir='ltr'>prius</span> <span class='ocrx_word' id='word_1_116' title='bbox 1112 5390 1319 5456; x_wconf 87' lang='lat' dir='ltr'>conueniatur</span> <span class='ocrx_word' id='word_1_117' title='bbox 1344 5407 1510 5476; x_wconf 86' lang='lat' dir='ltr'>antequam</span> <span class='ocrx_word' id='word_1_118' title='bbox 1536 5387 1711 5453; x_wconf 86' lang='lat' dir='ltr'>fideiussor.</span> 
     </span>
    </p>
   </div>
   <div class='ocr_carea' id='block_1_6' title="bbox 0 0 2404 6694">
    <p class='ocr_par' dir='ltr' id='par_1_12' title="bbox 0 0 2404 6694">
     <span class='ocr_line' id='line_1_22' title="bbox 0 0 2404 6694; baseline 0 0"><span class='ocrx_word' id='word_1_119' title='bbox 0 0 2404 6694; x_wconf 95' lang='lat' dir='ltr'> </span> 
     </span>
    </p>
   </div>
  </div>
 </body>
</html>
