4800 6698
130 658 135 667 ·
176 560 177 564 ¹
308 651 386 730 254
494 539 698 746 QUOD
717 615 984 698 POTESTAS
1004 615 1287 696 TENEATUR
1305 613 1501 695 FACERE
1515 613 1691 693 OMNIA
1711 611 1938 693 PARTITA
1957 609 2084 691 CON-

651 773 942 856 SCILIORUM.

558 990 652 1191 Q
664 1124 743 1178 Ten
771 1116 950 1179 statutum
971 1118 1026 1179 est
1045 1098 1147 1204 quod
1165 1117 1331 1204 potestas
1349 1099 1407 1178 uel
1430 1099 1508 1179 eius
1535 1097 1662 1179 locum
1694 1117 1826 1178 tenens
1852 1117 2020 1179 teneatur
2048 1098 2095 1177 l·

505 1285 586 1359 cere
614 1258 743 1337 omnia
768 1258 899 1363 partita
927 1256 1191 1337 consciliorum
1220 1285 1285 1337 seu
1313 1258 1671 1337 ordinamentorum.
1701 1285 1771 1361 que
1799 1255 1890 1337 fient
1916 1285 1981 1362 per
2009 1284 2095 1337 con-

507 1415 655 1495 scilium
683 1415 923 1496 baennarum.
953 1417 999 1495 ad
1027 1415 1168 1496 tabulas
1196 1415 1296 1495 albas
1324 1435 1361 1495 et
1388 1417 1525 1519 nigras.
1553 1434 1803 1521 preterquam
1827 1416 1874 1496 de
1893 1414 2095 1521 lactispro

504 1575 592 1679 priis
621 1574 766 1654 domini
795 1575 970 1680 episcopi.
991 1573 1058 1680 (Ι)
1076 1573 1256 1677 Alioquin
1271 1573 1529 1654 ordinamenta
1557 1591 1608 1696 et
1620 1573 1751 1677 partita
1777 1572 1881 1652 aliter
1908 1572 2002 1652 facta
2021 1574 2095 1652 sint

504 1729 640 1810 nullius
666 1729 814 1811 ualoris.

220 2255 221 2258 ‘
305 2276 352 2356 25
361 2276 378 2356 5
493 2161 696 2368 QJOD
724 2243 919 2323 SINDlCl.
950 2241 1248 2324 CLAUARIUS.
1278 2240 1592 2323 COLLECTOR
1619 2241 1967 2324 DENARIORUM
1995 2240 2082 2320 CO·

653 2387 814 2480 MUNlS
841 2400 1162 2483 TENEANTUR
1190 2400 1385 2482 FACERE
1412 2399 1693 2482 RATIONEM
1716 2400 1850 2479 POST
1879 2399 2081 2479 TEMPUS

650 2559 728 2638 SUI
756 2556 1029 2639 REGIMlNlS.

557 2773 738 2977 &gran
762 2863 941 2965 statutum
970 2906 1026 2966 est
1058 2886 1159 2991 quod
1193 2886 1346 2989 quilibet
1374 2885 1563 2966 clauarius.
1584 2884 1758 2964 sindicus.
1779 2903 1815 2963 et
1834 2883 1987 2964 alicuius
2004 2883 2090 2963 talie

501 3043 691 3124 collector.
721 3063 758 3123 et
786 3070 1016 3148 quecumque
1044 3042 1113 3121 alia
1141 3068 1299 3147 persona
1326 3068 1398 3145 que
1425 3042 1602 3145 receperit
1620 3040 1780 3146 aliquam
1807 3041 2002 3146 pecuniam
2031 3038 2091 3120 uel

499 3201 650 3306 aliquod
678 3201 777 3280 aliud
805 3199 945 3280 mobile
973 3228 1041 3305 pro
1070 3201 1223 3279 comuni
1251 3225 1315 3278 seu
1344 3201 1497 3278 nomine
1526 3199 1698 3278 comunis
1716 3198 1943 3279 baennarum
1970 3199 2090 3304 aliqua

500 3362 697 3440 occasione
726 3377 892 3439 teneatur
920 3376 957 3438 et
984 3357 1117 3438 debeat
1145 3357 1235 3438 infra
1263 3383 1327 3440 vrn
1355 3356 1436 3438 dies
1453 3374 1652 3464 postquam
1671 3356 1765 3436 ratio
1784 3361 1877 3438 lacta
1896 3361 2002 3438 luerit
2025 3385 2090 3463 per

499 3521 744 3600 rationatores
773 3519 944 3600 comunis
971 3518 1123 3603 reddere
1152 3538 1189 3598 et
1216 3521 1407 3601 restituere
1436 3548 1477 3601 ac
1506 3518 1651 3600 soluere
1680 3538 1716 3602 et
1744 3518 1829 3600 dare
1870 3520 1992 3601 dictos
2028 3520 2089 3600 de·

499 3679 623 3758 narios
652 3706 717 3758 seu
744 3678 885 3759 mobile
913 3706 1009 3783 quos
1036 3699 1073 3759 et
1100 3678 1202 3786 quod
1229 3679 1420 3759 restituere
1456 3679 1605 3759 debebit
1632 3680 1785 3759 comuni
1813 3705 1970 3783 persone
2003 3704 2089 3758 con-

499 3836 625 3916 stitute
654 3835 699 3915 ad
727 3836 890 3940 predicta
917 3836 1125 3941 recipienda
1151 3863 1220 3942 pro
1249 3837 1401 3916 comuni
1430 3837 1498 3915 sub
1525 3864 1620 3941 pena
1648 3835 1856 3916 solidorum
1883 3864 1944 3915 xx.
1966 3855 2002 3916 et
2021 3837 2088 3916 sub
2237 3931 2240 3935 ¹

497 4020 591 4097 pena
621 3993 829 4073 solidorum
857 4022 881 4072 v
909 4021 977 4099 pro
1005 3994 1167 4099 qualibet
1209 3995 1268 4075 die
1310 4022 1381 4099 qua
1424 3995 1565 4074 steterit
1597 3994 1642 4074 ad
1671 3993 1895 4075 soluendum
1923 4013 1960 4073 et
1986 3995 2087 4075 resti-

497 4152 678 4231 tuendum
707 4152 869 4256 predicta
895 4179 1053 4257 persone
1081 4152 1127 4232 ad
1155 4152 1227 4233 hoc
1256 4154 1456 4234 constitute
1475 4171 1561 4258 post
1580 4153 1782 4232 terminum
1799 4153 2004 4257 predictum
2023 4179 2088 4234 vrn

496 4309 653 4390 dierum.
1205 4309 1208 4314 ’

299 4830 374 4927 256
492 4735 601 4898 DE
630 4816 853 4894 EMENDIS
880 4814 1166 4894 SOLUENDIS
1194 4814 1287 4895 PER
1316 4815 1620 4896 CLAUARIUM
1647 4815 1984 4898 BAENNARUM.
2093 4814 2095 4818 ⁴

554 5030 736 5232 ἔξω
765 5161 943 5222 statutum
973 5160 1028 5220 est
1057 5141 1158 5246 quod
1187 5140 1339 5245 quilibet
1368 5141 1547 5221 clauarius
1575 5141 1800 5228 baennarum
1825 5162 1991 5223 teneatur
2020 5148 2087 5224 sub

496 5301 712 5405 prestitione
742 5300 938 5379 iuramenti
968 5297 1053 5378 dare
1082 5318 1119 5378 et
1148 5297 1292 5378 soluere
1313 5277 1530 5403 specialibus
1547 5302 1716 5404 personis
1735 5301 1911 5381 emendas
1926 5302 1971 5382 ad
1991 5303 2088 5407 ipsas

496 5458 768 5563 pertinentes*
798 5458 888 5537 infra
915 5459 1063 5537 tertiam
1106 5457 1206 5537 diem
1235 5476 1433 5563 postquam
1464 5458 1559 5561 ipsas
1592 5460 1778 5563 receperit.
1808 5478 1845 5539 et
1873 5462 2084 5541 excusserit.
