4800 6696
546 492 584 591 f·
644 548 741 596 xnvu.
757 562 759 566 Α
777 475 851 598 De
873 527 998 592 notario
1022 544 1053 591 et
1076 526 1213 592 clauario
1230 527 1317 591 curie
1340 527 1544 593 baennarum.
1641 527 1643 531 ’

778 720 852 840 De
875 772 1016 837 notariis.

777 964 851 1087 De
874 1017 1004 1082 notariis
1028 1016 1113 1081 curie
1137 1015 1342 1081 baennarum.

778 1210 852 1330 De
874 1283 939 1326 non
964 1261 1146 1348 recipiendo
1170 1258 1307 1348 aliquem
1330 1261 1471 1327 nobilem
1497 1263 1529 1328 in
1554 1261 1764 1330 habitatorem
1790 1263 1994 1331 buennarum.

543 1468 581 1569 f.
633 1527 740 1574 xnvnt.
777 1456 850 1576 De
875 1508 1017 1594 personis
1042 1506 1253 1574 babitantibus
1277 1509 1310 1575 in
1335 1507 1465 1573 baennis
1490 1507 1687 1575 soluentibus
1711 1508 1838 1576 fodrum
1862 1532 1920 1597 pro
1944 1514 2084 1578 comuni.

543 1716 581 1814 f.
688 1775 739 1820 Lu.
775 1699 915 1884 Quod
939 1771 1076 1840 potestus
1101 1771 1131 1818 et
1155 1753 1268 1820 sindici
1291 1772 1458 1820 teneantur
1474 1754 1569 1821 scribi
1594 1755 1694 1821 facere
1719 1758 1829 1822 omnia
1852 1755 1956 1822 debita
1979 1778 2040 1844 que
2062 1756 2129 1822 dari

945 1920 1099 1987 debentur
1121 1943 1180 2008 pro
1204 1923 1346 1987 comuni.

542 2124 579 2222 f·
663 2179 738 2226 nitu.
778 2106 852 2226 De
877 2174 1035 2244 potestate.
1057 2157 1203 2245 ponenda
1227 2175 1258 2222 et
1282 2156 1539 2245 capitulatoribus
1563 2158 1766 2245 superdicto
1791 2157 1884 2224 facto

774 2350 910 2533 Quod
934 2403 1066 2491 capitula
1090 2423 1121 2468 et
1153 2402 1371 2468 ordinamenta
1395 2401 1475 2468 facta
1498 2402 1633 2469 debeant
1657 2426 1674 2468 a
1698 2422 1851 2491 potestate
1877 2404 2050 2472 obseruari.

540 2607 578 2705 f·
662 2666 735 2712 [νυ.
778 2599 850 2758 Q}
874 2649 1018 2737 capitulis
1042 2646 1267 2734 exernplandis.

540 2854 577 2952 f·
652 2911 737 2957 Lvrn.
776 2844 849 2964 De
873 2917 937 2961 non
961 2893 1133 2960 laborando
1156 2896 1190 2960 in
1213 2892 1325 2959 diebus
1348 2892 1479 2959 festinis.

775 3087 910 3265 Quod
935 3140 1089 3227 eligantur
1112 3162 1134 3207 11
1158 3140 1305 3207 homines
1329 3140 1368 3205 ad
1391 3139 1609 3206 estimandum
1634 3142 1742 3206 omnia
1765 3139 1901 3229 dampna
1925 3165 1986 3229 que
2013 3141 2129 3209 debent

938 3306 1099 3374 emendari
1123 3331 1139 3372 a
1164 3309 1342 3394 campariis.

778 3495 850 3648 De
875 3568 939 3612 non
964 3543 1150 3610 debentibus
1173 3544 1249 3609 flere
1273 3561 1420 3622 mortuos
1444 3543 1504 3608 alta
1529 3565 1619 3608 uoce.

539 3744 577 3842 f·
638 3800 735 3847 Lvrrrr.
774 3737 910 3914 Quod
934 3807 1072 3879 potestas
1095 3806 1236 3855 teneatur
1260 3787 1361 3853 facere
1385 3789 1494 3854 onmia
1518 3791 1631 3876 partita
1654 3787 1892 3854 consciliorum.

774 3986 910 4159 Quod
934 4037 1047 4104 sindici
1072 4055 1101 4102 et
1125 4036 1278 4102 clauarius
1301 4051 1466 4100 teneantur
1491 4032 1592 4099 facere
1621 4035 1778 4099 rationem
1813 4053 1885 4122 post
1920 4052 2045 4123 tempus
2079 4037 2128 4101 sui

931 4205 1104 4289 regiminis.

775 4394 848 4514 De
872 4442 1016 4509 emendis
1039 4441 1200 4507 soluendis
1223 4463 1280 4527 per
1303 4440 1457 4505 clauarios
1482 4438 1685 4504 baennarum.

538 4651 576 4750 f·
681 4709 733 4755 Lx.
775 4640 848 4761 De
871 4688 1057 4756 officialibus
1080 4710 1145 4754 non
1168 4685 1355 4779 debentibus
1380 4684 1494 4750 babere
1518 4683 1661 4750 officium
1685 4706 1741 4772 per
1765 4706 1774 4751 1
1799 4706 1928 4749 armum.

772 4888 846 5008 De
870 4959 934 5002 non
959 4933 1178 5020 arengantibus
1202 4929 1233 4999 in
1258 4931 1412 5000 conscilio
1436 4930 1520 5018 quod
1545 4930 1662 5017 aliquid
1679 4929 1770 4996 detur
1794 4929 1833 4995 de
1857 4928 1950 4995 bonis
1966 4930 2123 4996 comamis.

536 5144 573 5242 f·
656 5202 730 5248 Lxrt.
771 5132 906 5299 Quod
931 5206 1043 5250 omnes
1067 5182 1238 5248 electiones
1262 5179 1337 5245 fiant
1360 5179 1571 5244 incontinenti
1597 5195 1764 5263 antequam
1794 5193 1932 5262 potestas
1957 5174 2081 5242 recedat
2106 5197 2123 5239 a

928 5349 1091 5416 conscilio.
