4800 6698
329 640 400 742 187
520 549 631 716 DE
661 626 780 710 NON
807 625 1085 709 LIGNANDIS
1120 621 1505 708 INSTRUMENTIS
1541 619 1733 704 BOUUM
1767 617 2001 704 PERSONE
2027 617 2111 699 EX·

677 784 885 869 TRANEE
912 784 968 867 IN
996 784 1228 867 BAENNIS.
1691 779 1693 783 ’

587 1028 669 1195 silli
682 1132 760 1186 Tun
795 1124 975 1185 statutum
1018 1122 1074 1184 est
1109 1105 1211 1209 quod
1255 1105 1377 1210 aliqua
1415 1132 1575 1211 persona
1611 1106 1657 1185 de
1695 1105 1850 1186 baennis
1886 1134 1965 1186 non
1999 1107 2120 1211 possit

521 1291 589 1344 nec
604 1264 737 1343 debeat
751 1290 903 1343 cauzare
918 1261 985 1370 (a)
1000 1290 1069 1341 nec
1084 1262 1201 1344 facere
1221 1289 1286 1342 seu
1304 1263 1510 1367 lignamare
1529 1263 1691 1369 aliquem
1710 1291 1858 1343 currum
1878 1290 1942 1344 seu
1961 1264 2120 1369 plouum

500 1408 633 1502 ¹alicui
652 1447 812 1526 persone
841 1439 1013 1500 extranee
1042 1423 1109 1500 sub
1137 1448 1232 1525 pena
1261 1419 1470 1501 solidorum
1497 1449 1548 1501 xx
1575 1449 1644 1526 pro
1672 1421 1835 1526 qualibet
1862 1423 1943 1501 uice
1967 1423 2121 1526 quocies
2201 1472 2203 1476 =

523 1578 791 1661 contrafecerit.
821 1599 858 1659 et
885 1579 1049 1685 quelibet
1075 1606 1235 1684 persona
1263 1607 1334 1684 que
1363 1578 1572 1659 uendiderit
1591 1607 1656 1659 seu
1675 1572 1818 1660 dederit
1846 1580 1965 1660 modo
1993 1580 2120 1685 aliquo

524 1737 744 1841 gambozias
772 1737 839 1845 (3)
867 1737 976 1816 alicui
1003 1763 1162 1842 persone
1204 1736 1388 1818 extranee.
1427 1736 1487 1817 uel
1514 1737 1635 1842 aliqua
1662 1738 1732 1817 alia
1760 1738 1966 1842 lignamina
1994 1766 2121 1818 currus

523 1895 583 1974 uel
611 1895 727 2000 ploui.
758 1894 880 1975 soluat
907 1922 976 1999 pro
1003 1922 1099 2000 pena
1126 1896 1280 2000 quocies
1307 1894 1447 1979 fecerit.
1474 1922 1542 2000 pro
1570 1896 1732 2001 qualibet
1751 1897 1952 2000 gambozia
1981 1915 2018 1977 et
2045 1896 2120 1977 alio

528 2054 735 2158 lignamine
763 2054 960 2133 materiato
989 2053 1153 2134 solidum
1180 2081 1204 2134 1.
1247 2053 1294 2133 Et
1333 2052 1499 2159 quelibet
1539 2080 1698 2158 persona
1724 2055 1844 2159 possit
1871 2081 2054 2135 accusare.
2084 2074 2122 2135 et

525 2213 693 2292 credatur
721 2214 946 2293 accusationi
976 2240 1040 2293 sue
1069 2214 1290 2293 iuramento
1320 2232 1357 2293 et
1384 2213 1517 2293 habeat
1544 2214 1692 2294 tertiam
1719 2233 1862 2319 partem
1881 2212 1993 2294 banni
2008 2234 2048 2322 εἰ
2063 2234 2122 2295 te·

523 2391 652 2452 neatur
678 2372 830 2476 priuata.
851 2371 872 2410 ⁴*
900 2345 942 2450 et
965 2372 994 2451 si
1023 2371 1143 2477 aliqua
1171 2398 1329 2476 persona
1358 2373 1557 2452 extraxerit
1585 2370 1632 2452 de
1659 2399 1770 2477 posse
1799 2371 2026 2452 baennarum
2054 2401 2121 2454 seu

523 2529 733 2610 uendiderit
759 2529 957 2633 prestiterit
986 2555 1051 2608 seu
1079 2528 1222 2608 dederit
1263 2527 1324 2608 uel
1365 2528 1580 2609 alienauerit
1621 2529 1729 2609 alicui
1757 2556 1916 2634 persone
1946 2549 2121 2611 extranee

524 2687 676 2792 aliquod
705 2713 852 2766 currum
879 2685 940 2766 uel
977 2685 1128 2790 aliquod
1165 2687 1458 2766 instrumentum
1486 2688 1629 2767 bouum
1658 2687 1781 2767 soluat
1807 2715 1877 2791 pro
1904 2715 2001 2793 pena
2029 2688 2122 2768 soli-

524 2846 595 2926 dos
622 2872 672 2925 rx
699 2864 864 2925 astenses
904 2822 1057 2950 quocies
1098 2844 1364 2925 contrafecerit.
1394 2862 1431 2924 et
1457 2863 1623 2950 potestas
1662 2846 1782 2950 possit
1809 2845 1897 2926 inde
1925 2847 2120 2951 inquirere.

525 3021 563 3082 et
590 3001 753 3108 quelibet
780 3029 940 3108 persona
966 3003 1086 3107 possit
1114 3003 1200 3082 inde
1227 3029 1408 3082 accusare.
1440 3022 1476 3082 et
1505 3004 1537 3082 ei
1566 3002 1733 3083 credatur
1761 3004 1984 3084 iuramento.
2006 3023 2042 3084 et
2061 3004 2124 3084 ha·

525 3159 609 3240 beat
637 3161 787 3241 tertiam
814 3180 958 3265 partem
987 3159 1099 3239 banni
1129 3178 1166 3240 et
1193 3178 1362 3240 teneatur
1388 3161 1540 3265 priuata.
1568 3161 1590 3200 ⁴*
1617 3161 1685 3268 (4)

524 3433 724 3640 QJOD
752 3512 926 3593 BESTIE
945 3511 1062 3592 NON
1080 3509 1312 3591 INTRENT
1331 3505 1562 3590 AYRALIA
1578 3503 1771 3586 ALlENA
1790 3500 1890 3585 UEL
1908 3499 2112 3584 ORTUM.

586 3731 764 3935 Qun
793 3865 972 3925 statutum
1001 3864 1057 3925 est
1085 3846 1186 3950 quod
1216 3847 1245 3926 si
1273 3846 1394 3952 aliqua
1412 3845 1529 3926 bestia
1548 3810 1698 3927 inuenta
1718 3846 1826 3926 fuerit
1852 3848 1891 3926 in
1919 3847 2043 3928 alieno
2062 3877 2125 3952 ay-

525 4004 590 4084 rali
621 4005 846 4108 ubicumque
875 4005 921 4084 sit
950 4004 988 4082 in
1015 4003 1090 4084 fine
1118 4003 1346 4084 baennarum
1374 4004 1541 4085 clausum
1568 4003 1629 4084 uel
1656 4005 1695 4084 in
1723 4004 1846 4084 alieno
1874 4024 1960 4085 orto
1988 4007 2052 4110 qui
2076 4007 2125 4086 sit

526 4165 619 4243 intra
655 4163 797 4243 uillam.
826 4162 886 4241 uel
918 4162 1054 4266 ayralia
1086 4162 1313 4242 baennarum
1345 4182 1600 4267 competenter
1632 4162 1766 4242 clausa.
1801 4163 1924 4244 soluat
1956 4165 2122 4244 bannum

526 4339 706 4425 quantum
736 4320 899 4401 solueret
927 4349 973 4400 ex
1000 4319 1121 4400 forma
1149 4320 1297 4426 capituli
1326 4319 1410 4399 lacti
1439 4319 1485 4400 de
1514 4320 1644 4400 alienis
1671 4321 1855 4425 dampnis.
1894 4340 1931 4400 et
1958 4321 2124 4426 quelibet

525 4505 684 4582 persona
711 4479 830 4583 possit
858 4505 1027 4558 accusare
1056 4479 1266 4559 iuramento
1295 4497 1332 4558 et
1359 4479 1527 4558 credatur
1555 4479 1601 4559 ei.

492 4803 494 4808 ’
525 4751 726 4958 Qron
754 4829 927 4913 uruun
954 4794 1073 4909 nou
1100 4825 1274 4907 burun
1303 4822 1572 4907 FERRARus

587 5050 762 5252 Qun
781 5183 961 5245 statutum
981 5182 1037 5243 est
1060 5163 1162 5269 quod
1186 5163 1286 5243 nulla
1313 5190 1471 5268 persona
1499 5165 1619 5269 possit
1646 5162 1707 5243 uel
1735 5165 1867 5244 debeat
1894 5162 1973 5244 ullo
2001 5163 2121 5245 modo

511 5310 584 5404 vuel
613 5323 767 5428 ingenio
796 5322 883 5403 dare
924 5321 1075 5428 aliquod
1116 5323 1247 5402 uinum
1289 5322 1445 5402 ferrariis
1472 5323 1710 5402 baennarum.
1739 5321 1801 5403 uel
1827 5322 1909 5403 aliis
1935 5349 2004 5428 pro
2032 5323 2122 5428 ipsis

525 5509 593 5562 nec
622 5479 760 5586 aliquid
788 5481 888 5560 aliud
916 5481 1003 5561 loco
1032 5481 1119 5561 uini.
1146 5480 1219 5561 nisi
1247 5480 1406 5561 loerium
1434 5499 1656 5561 consuetum
1685 5481 1883 5562 occasione
1900 5481 2055 5562 alicuius
2073 5480 2122 5560 f-
