4800 6696
461 470 498 569 f·
536 527 657 573 xxxvu.
695 457 769 619 De
793 509 858 573 rixa
883 525 952 575 orta
975 509 1056 573 inter
1080 508 1215 575 nuncios
1239 507 1364 574 domini
1388 510 1528 596 episcopi
1552 526 1582 575 et
1606 509 1755 577 homines
1779 510 1985 579 bacnnarum.

459 715 497 814 f.
528 772 657 819 xxxvru.
695 674 769 864 De
793 751 892 819 bestia
914 774 1024 839 grossa
1047 752 1164 819 furtiue
1189 774 1288 840 capta.

695 945 769 1109 De
792 996 1049 1084 percussionibus
1073 996 1162 1064 factis
1185 996 1224 1063 de
1247 1016 1342 1064 nocte
1374 997 1575 1065 clandestine.

694 1190 769 1357 De
793 1241 1054 1308 maledicentibus
1077 1241 1117 1308 de
1140 1242 1202 1309 deo
1218 1260 1249 1309 et
1265 1262 1371 1331 sancta
1395 1245 1505 1310 maria.
1531 1226 1535 1232 ’

402 1479 405 1484 ’
457 1451 495 1550 f·
519 1506 659 1554 xxxvmr.
695 1435 769 1599 De
793 1508 859 1553 non
882 1485 1030 1553 intrando
1054 1463 1204 1552 alienum
1218 1485 1333 1571 ayrale.

457 1695 495 1794 f.
578 1750 654 1797 run.
694 1678 769 1844 De
793 1728 866 1812 igne
890 1747 957 1792 non
980 1725 1129 1813 ponendo
1153 1728 1187 1792 in
1212 1727 1350 1796 boschis.

456 1939 495 2038 f·
586 1997 655 2041 Lxx.
694 1922 770 2089 De
792 1972 882 2039 furtis
906 1994 973 2038 non
996 1971 1183 2038 recetandis.

457 2183 495 2282 f·
592 2238 655 2285 xer.
693 2148 789 2312 (De
810 2219 900 2305 penis
923 2234 955 2283 et
978 2217 1089 2284 bannis
1112 2217 1274 2285 soluendis
1297 2242 1314 2285 a
1341 2222 1486 2308 personis
1502 2219 1604 2288 ductis
1627 2223 1661 2288 in
1685 2240 1824 2308 castrum
1847 2226 1934 2291 iussu
1958 2206 2049 2314 pote·
2128 2310 2132 2318 ’

818 2361 990 2446 statisque
1018 2357 1091 2424 inde
1120 2323 1272 2486 exirent).

693 2510 793 2681 (De
817 2608 951 2674 persona
975 2608 1037 2673 que
1060 2586 1228 2653 uiolauerit
1252 2586 1388 2676 aliquam
1418 2516 1603 2684 feminam),

458 2923 625 3024 collatio
654 2963 778 3033 quarta
799 2959 836 3018 in
864 2973 934 3032 qua
960 2958 1155 3033 continetur
1182 2958 1225 3030 de
1253 2957 1415 3019 omnibus
1445 2955 1657 3018 macellariis
1689 2954 1956 3051 retaglatoribus
1986 2938 2056 3017 fcr-

455 3099 556 3161 curiis
578 3099 740 3160 lomariis
762 3098 969 3160 tabernariis
992 3103 1026 3158 ct
1051 3097 1214 3158 omnibus
1237 3098 1445 3159 comunibus
1468 3097 1560 3157 intra
1583 3101 1713 3158 terram
1735 3099 1769 3156 ct
1793 3096 1955 3157 omnibus
1977 3111 2056 3197 per-

454 3239 642 3301 tinentibus
666 3239 711 3299 ad
741 3238 958 3314 supradictas
987 3253 1044 3299 res
1069 3242 1108 3299 ut
1130 3236 1221 3298 intra
1247 3235 1442 3298 continetur
1468 3240 1503 3297 et
1530 3196 1790 3299 motandinibus
1819 3240 1853 3295 et
1882 3211 2056 3311 pertinen·

455 3382 548 3442 tibus
572 3381 617 3441 ad
641 3394 761 3440 ornnes
784 3378 1034 3439 comunancias
1057 3378 1147 3439 inter
1170 3382 1301 3438 terram
1328 3379 1556 3437 baennarum.

454 3647 491 3746 f·
594 3702 650 3749 1111.
691 3627 766 3795 De
793 3698 895 3764 grano
917 3675 1043 3763 perdito
1067 3674 1106 3742 ad
1129 3672 1362 3742 molandinum.

453 3892 490 3991 f·
618 3947 649 3991 v.
690 3871 767 4042 De
791 3923 890 4010 paleis
913 3943 981 3987 non
1010 3919 1155 3987 tenendis
1179 3922 1211 3987 in
1234 3919 1319 3986 uilla.

452 4138 490 4237 f.
608 4193 651 4239 v1.
691 4115 768 4286 De
791 4187 857 4231 non
880 4163 1019 4254 petendo
1041 4163 1163 4230 donum
1187 4165 1222 4230 in
1245 4163 1387 4230 ecclesia.

692 4358 830 4526 Quod
853 4409 965 4498 aliquis
989 4431 1056 4477 non
1079 4428 1177 4497 ponat
1200 4409 1316 4476 bestias
1339 4409 1506 4476 morbosus
1529 4410 1598 4476 siue
1620 4427 1763 4517 mortuas
1786 4413 1819 4477 in
1842 4411 1926 4478 uilla.

692 4601 829 4771 Quod
852 4656 904 4721 uia
926 4672 1070 4721 teneatur
1092 4672 1199 4742 aperta
1222 4655 1309 4721 iuxta
1332 4677 1461 4721 murum
1485 4676 1618 4722 nouum.

692 4849 766 4974 De
789 4899 982 4990 patientibus
1004 4900 1216 4988 egritudinem
1240 4901 1323 4969 beati
1345 4902 1447 4969 lazari.

688 5093 768 5249 De
792 5144 930 5211 fornace.

451 5350 488 5449 f·
618 5406 648 5449 x·
691 5335 828 5512 Quod
852 5389 997 5464 hedificia
1021 5390 1101 5457 facta
1125 5412 1220 5477 super
1244 5392 1375 5458 comuni
1402 5391 1606 5476 coperiantur
1627 5390 1717 5477 cupis
1740 5389 1793 5456 uel
1815 5387 1983 5457 scandulis.
