4800 6698
475 572 544 625 nec
573 545 611 622 in
639 542 763 647 aliquo
793 541 880 620 loco
908 568 928 618 a
957 537 1191 621 mundalauia
1221 536 1386 643 superius
1415 534 1481 616 sub
1509 561 1605 640 pena
1627 534 1835 616 solidorum
1854 563 1879 612 v
1898 561 1966 639 pro
1985 561 2069 638 qua·

476 702 565 782 libet
580 726 737 806 persona
756 698 910 803 quocies
929 693 1195 776 contrafecerit.
1212 696 1259 774 Et
1273 693 1375 799 quod
1394 680 1515 798 aliqua
1533 720 1692 798 persona
1719 720 1797 772 non
1825 666 1957 773 debeat
1976 691 2078 772 delo-

478 888 562 939 care
591 886 657 938 seu
685 857 813 936 locum
831 854 971 935 auferre
991 855 1029 933 in
1048 854 1255 934 naxatoriis
1282 852 1442 958 aliquam
1471 851 1582 931 aliam
1600 877 1800 956 personam
1820 854 1887 930 sub
1906 878 2000 955 pena
2020 877 2078 930 so·

477 1018 541 1098 lidi
574 1045 586 1096 1
614 1016 768 1122 quocies
795 1011 1063 1093 contrafecerit.
1092 1012 1139 1091 Et
1167 1010 1330 1116 quelibet
1348 1033 1505 1114 persona
1524 1010 1643 1114 possit
1671 1008 1758 1088 inde
1786 1035 1956 1088 accusare
1988 1010 2076 1088 etei

477 1176 645 1256 credatur
673 1175 883 1253 iuramento
912 1190 948 1250 et
976 1188 1143 1274 potestas
1169 1169 1288 1274 possit
1316 1168 1402 1247 inde
1430 1168 1625 1273 inquirere.

283 1621 354 1699 197
468 1533 675 1743 Qrou
702 1615 823 1699 nou
851 1614 1151 1697 enutrimur
1178 1613 1340 1698 uoun
1368 1611 1425 1694 ru
1451 1612 1651 1696 aliems
1682 1557 1877 1717 rmus

532 1809 716 2012 Qum
745 1925 923 1986 statutum
953 1924 1009 1986 est
1036 1905 1139 2009 quod
1165 1904 1288 2011 aliqua
1315 1934 1473 2010 persona
1500 1933 1578 1986 non
1606 1907 1725 2010 possit
1752 1932 1822 1984 nec
1850 1904 1982 1986 debeat
2014 1905 2078 1985 bo·
2116 1911 2119 1916 ’

478 2092 579 2146 scare
608 2092 676 2143 nec
706 2064 866 2143 incidere
894 2062 954 2143 uel
983 2089 1111 2167 capere
1139 2061 1289 2168 aliquod
1319 2063 1465 2166 lignum
1484 2061 1601 2143 uiride
1629 2061 1689 2142 uel
1718 2063 1858 2142 siccum
1885 2063 1924 2142 in
1951 2062 2077 2168 aliquo

478 2242 584 2328 prato
611 2222 745 2301 alicubi
773 2221 834 2300 uel
862 2220 1115 2302 iurisdictione
1143 2220 1369 2301 baennarum
1398 2219 1465 2300 sub
1493 2248 1588 2325 pena
1608 2193 1817 2300 solidorum
1845 2248 1870 2297 v
1896 2248 1965 2326 pro
1994 2249 2079 2326 qua·

478 2380 567 2461 libet
595 2406 752 2485 persona
782 2380 935 2483 quocies
962 2378 1229 2459 contrafecerit.
1267 2379 1314 2459 Et
1350 2378 1617 2459 nichilominus
1656 2378 1830 2458 emendet
1859 2377 2076 2484 dampnum.

477 2540 524 2619 Et
552 2538 715 2641 quelibet
741 2565 898 2642 persona
926 2537 1045 2641 possit
1073 2536 1160 2616 inde
1180 2525 1368 2616 accusare.
1390 2537 1479 2617 etei
1499 2537 1708 2635 iuramento
1737 2536 1916 2616 credatur.
1938 2538 1968 2616 si
1987 2564 2078 2617 uero

477 2699 526 2778 ibi
555 2676 766 2778 boscauerit
794 2695 956 2800 aliquam
983 2698 1155 2783 arborem
1184 2695 1432 2775 domesticam
1451 2694 1512 2774 uel
1531 2695 1764 2775 saluasticam
1792 2694 1990 2775 alleuatam
2017 2694 2079 2774 uel

478 2854 704 2935 custoditam
739 2852 785 2932 ad
822 2848 1059 2932 alleua'ndum
1096 2852 1266 2956 puniatur
1304 2879 1351 2932 ex
1388 2850 1509 2932 forma
1542 2851 1691 2932 alterius
1728 2851 1877 2957 capituli
1910 2852 1997 2932 inde
2026 2851 2078 2931 lo·

478 3012 626 3117 quentis
642 3041 650 3089 :

40 3483 45 3492 ¹
163 3538 165 3542 ,
284 3437 357 3537 198
470 3374 584 3541 DE
613 3452 906 3537 EXTRANEIS
933 3450 1227 3533 EMENTIBUS
1255 3449 1354 3533 UEL
1382 3449 1747 3534 UENDENTIBUS
1765 3450 1822 3532 IN
1847 3450 2070 3533 BAENNIS

628 3613 741 3694 SIUE
768 3611 925 3692 POSSE
953 3609 1196 3707 ALIQUAM
1214 3608 1323 3694 REM
1340 3610 1451 3708 QUE
1472 3608 1761 3692 UENDATUR
1787 3609 1860 3692 AD
1888 3608 2068 3691 PESAM.

532 3804 716 4007 Quen
744 3921 921 3981 statutum
964 3920 1020 3981 est
1062 3901 1163 4007 quod
1206 3901 1368 4006 quelibet
1409 3883 1567 4006 persona
1605 3921 1779 3982 extranea
1807 3930 1879 4008 que
1908 3924 2009 3985 emet
2038 3906 2075 3985 in

479 4061 633 4140 baennis
660 4060 719 4140 uel
748 4060 897 4140 uendet.
927 4061 1006 4140 siue
1023 4087 1135 4165 posse
1155 4034 1394 4154 baennarum.
1422 4059 1584 4164 aliquam
1603 4086 1684 4140 rem
1703 4088 1775 4165 que
1795 4062 1842 4141 sit
1861 4062 1971 4142 solita
1988 4090 2081 4167 pon-

348 4202 352 4210 ’
480 4218 596 4298 derari
617 4218 684 4326 (a)
713 4246 778 4298 seu
806 4218 918 4298 uendi
946 4218 992 4297 ad
1020 4185 1160 4322 pesam.
1182 4217 1303 4297 soluat
1322 4236 1359 4296 et
1378 4216 1524 4297 soluere
1543 4216 1676 4297 debeat
1703 4245 1772 4323 pro
1799 4218 1967 4324 quolibet
1984 4220 2078 4301 rubo

479 4376 638 4457 obolum
667 4376 734 4483 (3)
762 4404 891 4455 unum.
921 4395 958 4456 et
986 4404 1007 4455 a
1034 4373 1128 4455 rubo
1157 4374 1249 4455 infra
1268 4375 1315 4455 de
1334 4374 1436 4454 libris
1463 4404 1488 4454 x
1516 4375 1576 4456 uel
1604 4403 1712 4480 supra
1731 4375 1893 4457 totidem
1919 4404 2079 4483 persone

479 4534 527 4614 ad
564 4534 638 4613 hoc
674 4534 874 4613 constitute
906 4561 974 4639 pro
1012 4534 1164 4614 comuni
1201 4533 1439 4613 baennarum.
1475 4552 1511 4613 et
1543 4562 1564 4613 a
1595 4533 1702 4615 rubo.
1727 4561 1838 4638 supra
1874 4533 2025 4615 dehbris
2055 4565 2080 4615 x

480 4690 540 4772 uel
570 4718 677 4796 supra
705 4719 821 4797 usque
849 4691 894 4771 ad
924 4691 1039 4771 alium
1066 4694 1200 4771 rubum
1236 4689 1410 4770 totidem.
1441 4687 1519 4771 siue
1547 4690 1710 4795 predicta
1746 4718 1806 4772 res
1840 4691 2079 4797 ponderetur.

483 4852 560 4933 siue
590 4879 679 4931 non.
709 4852 759 4930 ita
786 4870 912 4930 tamen
941 4849 1043 4955 quod
1073 4850 1102 4930 si
1130 4876 1290 4955 persona
1328 4876 1458 4928 emens
1486 4848 1547 4929 uel
1575 4849 1742 4930 uendens
1769 4876 1849 4930 rem
1875 4831 2081 4956 predictam

482 5007 590 5089 fuerit
618 5008 788 5088 similiter
816 5025 1001 5088 extranea.
1032 5006 1177 5089 soluere
1206 5005 1339 5087 debeat
1368 5007 1609 5087 medietatem
1650 5007 1866 5112 quantitatis
1903 5009 2080 5114 predicte.

483 5169 513 5248 si
542 5195 632 5247 uero
660 5194 818 5272 persona
846 5165 893 5246 de
921 5164 1074 5246 baennis
1101 5164 1240 5245 uendet
1267 5191 1426 5270 persone
1455 5183 1628 5244 extranee
1656 5164 1717 5244 uel
1745 5185 1894 5246 emera
1922 5193 2081 5271 persona
2167 5220 2188 5253 a

484 5342 656 5404 extranea
684 5324 844 5431 aliquam
864 5351 943 5404 rem
972 5351 1043 5429 que
1071 5323 1296 5429 ponderetur
1324 5321 1383 5403 uel
1413 5321 1523 5404 solita
1550 5323 1598 5402 sit
1625 5323 1736 5403 uendi
1765 5317 1811 5403 ad
1839 5350 1979 5430 pesam.
2003 5351 2083 5430 per-

485 5508 578 5562 sona
607 5500 778 5563 extranea
806 5500 930 5562 totum
960 5481 1105 5562 soluere
1126 5481 1266 5595 'debeat
1295 5500 1336 5560 ut
1363 5481 1571 5585 predictum
1600 5499 1667 5560 est.
1696 5481 1744 5560 Et
1763 5482 1794 5561 si
1812 5509 1904 5563 uero
1923 5509 2081 5588 persona
