4800 6696
516 477 655 564 3xxvrr.
690 436 828 607 Quod
851 478 916 557 non
940 471 1111 557 'rbn'cb'etut
1134 490 1167 555 in
1191 478 1328 557 deferrio.
1393 509 1395 512 ⁴
1515 482 1531 510 ⁹
1588 507 1589 510 ’

692 685 767 806 De
792 739 947 804 extraneis
971 737 1109 803 inuentis
1133 737 1165 802 in
1189 734 1317 801 boschis
1341 733 1451 800 alienis
1474 734 1525 800 uel
1548 736 1705 801 comunis.

569 1009 654 1055 xxxi.
691 925 829 1096 Quod
851 980 935 1070 ligna
958 1003 1024 1047 non
1047 980 1204 1047 ducantur
1227 982 1406 1068 campaniis.

592 1254 654 1301 xm.
693 1176 767 1297 De
791 1228 886 1316 lignis
909 1251 975 1295 non
998 1226 1149 1295 ducendis
1178 1250 1314 1315 persone
1350 1244 1507 1293 extranee.

692 1420 767 1543 De
790 1494 855 1538 non
891 1471 1048 1559 lignandis
1077 1494 1213 1560 persone
1246 1489 1395 1538 extranee
1428 1474 1636 1538 instrumenta
1661 1469 1782 1537 bouum
1805 1471 1839 1537 in
1862 1469 1924 1536 fine
1948 1468 2044 1536 baen-

859 1662 982 1706 narum.

568 1900 655 1946 xmu.
694 1827 768 1948 De
791 1902 857 1945 non
881 1877 1065 1945 ronchando
1089 1900 1183 1965 super
1206 1878 1348 1943 comuni.

560 2146 657 2194 xttttt.
695 2073 770 2239 ρο
794 2123 1019 2191 boschantibus
1042 2126 1076 2190 in
1101 2123 1228 2190 boschis
1251 2123 1436 2212 specialium
1460 2146 1679 2211 personarum.

552 2392 659 2438 xututt.
696 2318 770 2487 De
793 2372 945 2437 accusatis
969 2371 1140 2438 boschasse
1156 2373 1188 2437 in
1206 2370 1334 2437 boschis
1351 2370 1487 2438 bannitis
1511 2372 1561 2437 uel
1584 2371 1715 2438 alicuius
1731 2369 2039 2465 personespecaalra

538 2638 656 2684 xuvtttt.
695 2564 770 2733 De
793 2618 938 2703 personis
962 2618 1120 2683 extraneis
1143 2619 1296 2683 accusatis
1320 2616 1359 2682 de
1381 2615 1527 2705 dampnis
1550 2617 1621 2684 finis
1646 2592 1851 2731 baennprpni.

592 2839 595 2846 ¹
628 2885 656 2930 c.
695 2808 771 2977 De
795 2861 1006 2928 incidentibus
1030 2861 1158 2928 arbores
1188 2861 1381 2929 domesticas
1405 2862 1456 2928 uel
1479 2862 1654 2929 saluaticas.

695 3054 769 3232 l}
793 3033 990 3193 portantibus
1014 3105 1145 3192 lignaria
1169 3128 1230 3194 que
1253 3105 1419 3174 uideantur
1443 3106 1539 3175 fuisse
1562 3109 1596 3174 in
1621 3107 1913 3203 bosclriswaleuatis.

617 3382 657 3428 ῃ,
694 3298 770 3477 De
794 3349 1003 3418 incidentibus
1027 3351 1167 3440 aliquam
1191 3350 1339 3417 arborem
1363 3301 1398 3417 in
1421 3351 1553 3420 bannito
1576 3370 1791 3472 costemagnp.

572 3629 656 3675 Lxm,
695 3545 769 3720 pf
791 3619 856 3663 non
881 3595 1033 3663 uastando
1057 3596 1196 3686 aliquam
1219 3595 1367 3664 arborem
1391 3594 1600 3722 domesticam
1623 3597 1674 3664 uel
1694 3554 2047 3711 salpaticamtss'alienadr.

692 3788 830 3954 Quod
853 3843 944 3911 liceat
968 3843 1098 3911 cuilibet
1121 3864 1256 3931 persone
1292 3843 1332 3909 de
1367 3841 1496 3913 baennis
1530 3844 1667 3913 uendere
1702 3868 1796 3941 suum
1828 3845 1985 3913 boschum
2013 3848 2046 3913 in

856 4010 990 4078 banallo.
1013 4066 1016 4070 .

562 4273 657 4320 thur.
693 4196 769 4318 De
793 4247 905 4315 arbore
928 4248 1030 4316 aliena
1053 4271 1120 4316 non
1144 4248 1323 4317 scaluanda.

576 4518 658 4564 Lxxr.
692 4444 767 4566 De
791 4519 858 4563 non
880 4496 1067 4564 ronchando
1090 4499 1124 4564 in
1149 4496 1288 4564 boschis.

693 4688 769 4811 De
793 4740 901 4809 bestiis
923 4766 990 4810 non
1013 4744 1222 4831 paschuandis
1245 4745 1278 4810 in
1302 4743 1430 4811 boschis
1454 4745 1588 4811 incissis

462 4954 499 5052 f·
519 5008 679 5056 Lxxxvrttt.
697 4935 771 5057 De
794 5010 860 5053 non
884 4987 1069 5056 ronchando
1092 4990 1126 5056 in
1147 4989 1274 5056 defexio
1298 4990 1350 5056 uel
1373 4991 1407 5056 in
1430 4990 1500 5056 aliis
1525 4989 1675 5056 bannitis.
