4800 6698
398 493 435 592 f·
499 551 594 596 mvn.
635 490 711 643 De
734 506 920 606 hominibus
943 536 1096 623 eligendis
1120 536 1159 602 ad
1183 533 1413 622 designandum
1437 532 1597 599 bealerias.

398 737 436 837 f·
487 794 594 841 uxum.
631 735 801 887 Derion
826 782 969 850 faciendo
994 782 1125 870 aliquod
1149 781 1307 849 stabulum
1333 782 1415 847 circa
1439 779 1607 867 platheam.

398 983 435 1081 f·
477 1040 595 1085 vauu.
633 979 709 1133 De
732 1053 797 1097 non
821 1027 966 1095 faciendo
989 1030 1097 1115 ignem
1121 1030 1154 1094 in
1179 1025 1337 1113 ayralibus
1362 1043 1449 1092 extra
1472 1024 1592 1090 uillam.

631 1221 769 1393 Quod
792 1273 876 1340 nulla
900 1295 1035 1360 persona
1060 1273 1161 1359 possit
1187 1270 1333 1338 edificare
1358 1293 1452 1358 super
1474 1293 1603 1337 murum
1626 1269 1785 1334 comunis.

534 1478 536 1482 Ι
633 1466 771 1638 Quod
794 1516 906 1606 aliquis
929 1539 995 1585 non
1018 1517 1166 1584 ascendat
1189 1539 1283 1605 super
1305 1518 1493 1607 campanile.

522 1775 593 1821 LXX·
632 1712 708 1866 De
732 1762 923 1829 saluaticinis
947 1784 1013 1828 non
1037 1761 1236 1828 extrahendis
1260 1780 1348 1828 extra
1375 1761 1491 1828 uillam.

633 1957 710 2111 De
733 2008 871 2074 sestariis
896 2008 1052 2073 comunis.

507 2263 590 2310 LXXI·
632 2200 709 2356 De
734 2252 880 2318 ferrariis.

496 2507 590 2555 LXXII·
629 2445 709 2600 De
733 2486 952 2563 meretricibus
977 2512 1008 2561 et
1030 2494 1158 2562 ribaldis
1183 2517 1248 2561 non
1265 2495 1451 2562 recetandis.

590 2759 591 2764 ’
632 2690 708 2845 De
732 2739 896 2808 scandallis
919 2740 1075 2807 tenendis.

631 2935 708 3088 De
733 2986 946 3053 macellariis.·

392 3202 430 3302 f·
482 3259 588 3304 rxxm.
632 3178 768 3344 Quod
792 3230 893 3320 aliqua
917 3254 1053 3320 persona
1075 3254 1142 3299 non
1165 3231 1318 3321 impediat
1341 3233 1535 3300 cimiterium
1559 3255 1669 3301 coram
1694 3234 1834 3302 ecclesia.

392 3448 428 3547 f.
471 3504 589 3552 Lxxrm.
633 3423 770 3589 Quod
794 3479 881 3543 riana
905 3499 966 3564 que
991 3494 1038 3542 est
1062 3478 1150 3543 iuxta
1173 3478 1395 3545 cimenterium
1419 3500 1487 3545 non
1510 3479 1551 3544 sit
1574 3476 1765 3566 ianpedita(

392 3693 429 3791 f·
492 3751 586 3796 lxxv.
634 3669 771 3838 Quod
794 3721 931 3811 quelibet
954 3744 1090 3810 persona
1113 3721 1225 3788 debeat
1249 3720 1395 3788 claudere
1419 3720 1553 3790 domum
1578 3740 1608 3790 et
1632 3726 1871 3812 possessionem
1895 3748 1985 3792 suam

790 3891 875 3955 iuxta
900 3889 985 3955 uiam
1010 3889 1087 3976 ripe.

631 4072 707 4195 De
731 4123 868 4190 stimulis
891 4146 958 4190 non
980 4122 1125 4190 tenendis
1149 4124 1235 4189 iuxta
1258 4124 1344 4189 uiam
1368 4121 1539 4211 publicam.

390 4333 428 4433 f·
461 4391 588 4436 Lxxvm.
632 4315 768 4482 Quod
791 4390 856 4434 non
880 4366 934 4434 fiat
957 4366 1126 4434 artificium
1150 4389 1244 4456 super
1267 4389 1406 4434 comune
1429 4368 1461 4434 in
1484 4366 1619 4456 plathea.

631 4562 706 4685 De
729 4635 795 4680 non
817 4611 1003 4702 proiciendo
1026 4609 1256 4701 turpitudinem
1279 4612 1313 4678 in
1335 4612 1397 4677 uiis
1422 4610 1557 4700 plathee.

390 4821 428 4920 f·
472 4878 587 4924 lxxxo.
634 4807 817 4975 Qualiter
841 4879 921 4947 aqua
943 4857 1181 4945 grondenarum
1204 4856 1317 4926 debeat
1339 4856 1402 4924 labi
1424 4874 1456 4924 et
1479 4856 1638 4926 discolari.
1716 4859 1722 4863 ’

390 5068 428 5166 f·
457 5122 584 5170 axxxm.
631 5052 706 5215 De
729 5106 859 5192 priuatis
882 5121 914 5171 et
936 5103 1096 5193 quintanis
1120 5101 1301 5170 claudendis
1324 5103 1410 5170 iuxta
1432 5102 1603 5191 platheam.

390 5294 596 5397 fitxxxvm.
631 5279 707 5402 De
729 5331 880 5399 domibus
902 5329 1101 5419 coperiendis
1124 5330 1163 5397 de
1186 5331 1285 5419 cupis.
