4800 6698
564 489 601 588 f·
677 544 762 592 val.
802 465 939 633 Quod
956 519 1064 585 omnia
1076 536 1163 606 prata
1179 520 1241 584 sint
1258 517 1385 584 bannita
1400 539 1418 582 a
1433 515 1542 583 medio
1556 518 1677 584 marcio
1689 538 1787 604 usque
1799 514 1838 583 ad
1851 515 1996 587 medium
2008 538 2154 589 mensem

962 684 1185 773 septembrem.

800 867 936 1035 Quod
960 919 1034 987 folia
1059 942 1125 987 non
1148 919 1337 1007 colligantur
1361 940 1454 1005 super
1478 916 1595 984 alienas
1619 916 1747 984 arbores
1771 940 1828 984 nee
1851 919 1886 985 in
1909 919 2019 985 alienis
2042 919 2154 985 uineis.

664 1194 759 1241 van.
800 1114 874 1235 De
897 1186 962 1230 non
987 1163 1131 1230 faciendo
1154 1162 1285 1229 herbam
1322 1164 1356 1229 in
1390 1162 1575 1229 nemoribus
1598 1162 1729 1229 alicuius
1753 1185 1889 1251 persone
1912 1168 1946 1232 in
1969 1164 2030 1233 fine
2054 1165 2146 1232 baen-

962 1353 1087 1397 narum.

563 1525 600 1623 f·
690 1581 762 1626 Lxx.
797 1516 876 1672 De
898 1568 1045 1656 paschuis
1068 1589 1135 1633 non
1158 1565 1366 1634 destruendis.

563 1769 601 1869 f·
665 1826 760 1872 uxxn.
798 1757 940 1935 -de
956 1812 1067 1900 aliquis
1080 1786 1149 1879 ‘non
1165 1814 1265 1900 possit
1288 1811 1428 1900 plantare
1451 1811 1570 1900 aliquas
1594 1810 1722 1877 arbores
1738 1831 1838 1898 prope
1852 1779 2148 1881 ,uineanalicuius

563 2016 600 2115 f·
665 2072 758 2118 Lxxv.
798 2005 877 2169 De
901 2080 967 2125 non
990 2057 1136 2124 intrando
1159 2056 1295 2124 alienam
1319 2057 1458 2124 uineam.

563 2259 600 2358 f·
653 2317 757 2363 nxxvr.
796 2251 874 2411 De
898 2303 1017 2370 canabo
1041 2325 1108 2370 non
1143 2302 1330 2369 seminando
1354 2304 1387 2369 in
1411 2304 1501 2369 ortis.

562 2505 600 2604 f·
707 2563 759 2610 xc.
802 2486 899 2626 (De
921 2572 987 2616 non
1010 2548 1199 2616 seminando
1231 2548 1351 2616 canabo
1374 2551 1407 2615 in
1432 2549 1510 2614 ortis
1541 2474 1677 2640 pascui).

802 2720 897 2883 (De
920 2816 986 2860 non
1016 2793 1171 2861 ruscundo
1194 2796 1226 2860 in
1251 2793 1350 2860 bosco
1383 2816 1443 2860 suo
1467 2793 1517 2859 uel
1540 2719 1672 2889 alieno),

668 3007 742 3053 xcfl.
810 2960 944 3092 (Quod
968 3013 1038 3083 galla
1056 3030 1111 3067 non
1130 2983 1228 3067 debeat*
1247 3015 1349 3067 extrahi
1372 3026 1445 3068 extra
1464 3014 1556 3067 uillam
1575 3026 1601 3068 et
1619 3030 1696 3084 posse
1723 2965 1909 3102 bennnrnns),

806 3173 871 3276 De
889 3223 1048 3277 metentibus
1066 3223 1157 3277 erbam
1175 3223 1203 3276 in
1222 3223 1311 3278 alieno
1329 3235 1413 3294 prato.

679 3410 765 3457 XCIII.
810 3366 876 3469 De
894 3416 1061 3470 bmcantibus
1080 3415 1107 3468 in
1126 3416 1219 3470 alienis
1239 3417 1356 3471 boschis.

565 3761 733 3862 collatio
756 3800 903 3876 septima
925 3801 1085 3863 videlicet
1108 3803 1150 3864 do
1174 3804 1336 3867 omnibus
1369 3807 1570 3870 nemoribus
1603 3814 1637 3870 et
1672 3813 1824 3876 bannitis
1852 3819 1897 3875 et
1929 3817 1970 3876 de
1995 3819 2159 3883 omnibus

564 3938 724 4014 capitulis
748 3944 781 4000 et
804 3940 1052 4003 ordinamentis
1073 3944 1220 4020 adipso
1240 3960 1387 4009 nemora
1409 3949 1658 4024 pertinentibus
1680 3956 1719 4015 ut
1740 3953 1831 4016 infra
1853 3958 2058 4024 continetur.
2240 4009 2243 4016 .

562 4275 599 4374 f.
681 4332 758 4377 x1111.
801 4247 937 4418 Quod
969 4301 1100 4390 quilibet
1129 4304 1231 4391 possit
1258 4302 1396 4369 incidere
1423 4304 1457 4369 in
1480 4302 1610 4370 boschis
1638 4303 1706 4369 sine
1735 4325 1817 4393 pena
1848 4310 1909 4392 p'i'b'
1939 4306 2158 4373 instrumentis

970 4467 1091 4535 bouum
1115 4467 1267 4556 aptandis.
2113 4420 2145 4507 ’Ῑ

1861 4554 1914 4575 m?

803 4636 878 4758 De
901 4686 1034 4753 emenda
1058 4708 1228 4754 nemorum
1252 4687 1442 4755 alienorum.

561 4905 598 5003 f·
694 4962 756 5008 xxi.
800 4884 883 5005 Ad
906 4931 1141 5000 conseruandos
1165 4933 1303 5001 boschos
1326 4933 1468 5001 aleuatos
1491 4934 1677 5024 galiciarum
1702 4953 1734 5002 et
1757 4948 1915 5026 gonew

560 5148 598 5247 f·
684 5208 757 5254 xxu.
800 5131 882 5252 Ad
906 5178 1161 5246 conseruandum
1191 5180 1329 5249 boschos
1352 5179 1423 5247 finis
1448 5180 1642 5249 baennarum
1665 5204 1725 5270 pro
1748 5183 1918 5248 extraneis:

2124 5304 2151 5365 ‘r

1960 5390 1967 5400 .
2118 5370 2149 5401 Η

560 5392 597 5491 f·
683 5451 756 5497 xxv.
800 5373 874 5495 De
897 5424 1081 5494 custodibus
1096 5427 1226 5516 priuatis
1249 5449 1344 5515 super
1368 5426 1512 5495 boschis.
