4800 6698
412 676 482 753 125
599 564 712 728 De
741 642 859 724 uou
886 641 1175 724 rucrouuuo
1204 640 1450 738 urQuAM
1477 641 1702 723 cussuul.

677 877 703 920 ιη’,
719 873 755 926 rt&

669 872 717 1039 'ill
772 992 851 1046 rull
889 984 1068 1045 statutum
1106 983 1161 1044 est
1190 965 1292 1068 quod
1338 963 1458 1068 aliqua
1494 991 1653 1068 persona
1682 992 1752 1068 que
1781 964 1950 1045 inciderit
1977 963 2037 1042 uel
2071 965 2207 1068 ceperit

608 1125 769 1228 aliquam
799 1125 968 1203 cessiam.
996 1121 1057 1202 uel
1086 1123 1304 1203 clausuram.
1334 1149 1405 1226 que
1434 1124 1502 1201 erit
1530 1123 1568 1201 in
1597 1122 1761 1203 clausura
1780 1123 1933 1202 alicuius
1951 1124 2060 1202 uince
2087 1122 2206 1202 aliene

609 1284 687 1362 siue
716 1285 788 1362 orti
818 1284 909 1386 prati
937 1282 997 1360 uel
1027 1283 1146 1386 campi
1175 1280 1307 1360 alicubi
1336 1282 1374 1360 in
1401 1280 1476 1360 fine
1496 1281 1734 1360 baennarum.
1764 1301 1800 1360 ct
1829 1281 1926 1385 lequi
1956 1300 1992 1360 et
2020 1301 2207 1361 costema·

609 1468 695 1545 gne.
726 1440 847 1520 soluat
874 1469 942 1545 pro
970 1468 1065 1544 pena
1094 1438 1237 1519 solidos
1265 1467 1290 1519 u
1319 1441 1416 1520 curie
1446 1459 1482 1519 et
1509 1439 1670 1519 totidem
1698 1468 1765 1545 pro
1795 1440 1953 1519 emenda
1980 1441 2132 1544 quocies
2147 1438 2178 1517 .f
2194 1488 2207 1499 -

609 1601 699 1677 cerit
726 1626 836 1702 passo
865 1598 1042 1702 dampno.

413 1943 488 2020 126
601 1854 715 2018 DE
743 1933 925 2017 PORClS
952 1933 1072 2013 NON
1099 1921 1354 2014 DUCENDlS
1382 1930 1633 2015 TEMPORE
1659 1931 2043 2015 UlNDlMEARUM.

668 2148 848 2352 Qum
879 2274 1058 2335 statutum
1079 2274 1134 2334 est
1161 2254 1263 2359 quod
1292 2253 1412 2359 aliqua
1439 2281 1598 2359 persona
1625 2281 1702 2333 non
1731 2255 1850 2358 possit
1877 2280 1945 2333 nec
1979 2253 2110 2333 debeat
2137 2255 2206 2333 du-

609 2440 690 2493 cere
719 2412 865 2517 aliquos
891 2440 1028 2517 porcos
1055 2430 1225 2517 tempore
1258 2411 1531 2493 uindimearum
1563 2439 1756 2519 quousque
1789 2414 1897 2491 uinee
1929 2410 2063 2491 fuerint
2090 2412 2206 2491 uindi-

609 2590 730 2652 meate
759 2600 780 2650 a
808 2571 894 2650 uilla
923 2572 1149 2650 baennarum
1181 2569 1343 2651 inferius.
1383 2599 1450 2651 nec
1487 2600 1508 2651 a
1545 2573 1604 2650 uia
1642 2573 1848 2651 sarmatorii
1890 2571 2050 2650 inlerius.
2089 2598 2206 2651 neca

610 2749 721 2810 strata
757 2757 886 2810 uersus
913 2731 1042 2809 uineas
1070 2748 1184 2810 coste.
1215 2758 1282 2810 nec
1311 2758 1332 2808 a
1359 2731 1420 2809 uia
1449 2750 1692 2833 costemagne
1721 2728 1882 2809 inferius.
1912 2750 1949 2809 et
1982 2731 2045 2835 qui
2078 2749 2206 2809 contra

606 2887 733 2968 fecerit
770 2887 891 2967 soluat
927 2916 995 2993 pro
1036 2915 1131 2992 pena
1166 2915 1244 2994 pro
1272 2886 1439 2992 quolibet
1467 2907 1614 2993 pastore
1644 2887 1788 2968 solidos
1815 2916 1853 2968 111
1886 2890 2039 2992 quocies
2076 2907 2205 2969 contra

610 3045 736 3126 lecerit
764 3064 801 3124 et
829 3044 992 3150 quelibet
1020 3072 1177 3150 persona
1210 3047 1329 3150 possit
1357 3045 1443 3125 inde
1472 3073 1641 3126 accusare
1670 3065 1706 3125 et
1735 3048 1768 3126 ei
1797 3047 2007 3126 iuramento
2027 3046 2205 3126 credatur.

414 3411 487 3492 127
604 3308 716 3475 DE
745 3388 927 3471 PORCIS
955 3385 1074 3468 NON
1101 3386 1357 3469 DUCENDIS
1385 3385 1553 3469 PROPE
1579 3385 1746 3467 BEALE

723 3672 756 3796 la
769 3732 847 3786 reru
876 3724 1055 3785 statutum
1075 3726 1130 3787 est
1150 3706 1251 3810 quod
1280 3704 1400 3810 aliqua
1418 3733 1576 3810 persona
1600 3733 1678 3785 non
1696 3707 1815 3810 possit
1834 3733 1902 3820 nec
1922 3706 2054 3787 debeat
2073 3706 2205 3786 ducere

608 3894 745 3971 porcos
772 3863 917 3969 aliquos
944 3864 1069 3968 aliquo
1096 3883 1266 3969 tempore
1294 3891 1409 3968 prope
1445 3863 1561 3944 beale.
1599 3863 1644 3943 ab
1682 3883 1834 3968 utraque
1869 3883 1970 3969 parte
1998 3863 2114 3944 bealis
2142 3892 2206 3970 per

608 4052 722 4103 unam
750 4042 898 4102 tomam
927 4022 994 4129 (5)
1031 4040 1137 4102 terre.
1174 4041 1211 4102 et
1248 4023 1310 4126 qui
1339 4020 1621 4102 contrafecerit
1649 4021 1770 4141 soluat
1798 4049 1865 4126 pro
1894 4049 1988 4126 pena
2015 4051 2083 4127 pro
2116 4051 2206 4127 quo-

607 4182 697 4262 libet
724 4199 872 4285 pastore
900 4178 960 4259 uel
989 4179 1144 4259 custode
1174 4178 1318 4259 solidos
1345 4207 1371 4259 v
1398 4181 1552 4284 quocies
1580 4199 1708 4259 contra
1736 4180 1872 4261 lecerit.
1903 4201 1939 4261 et
1966 4183 2039 4262 hoc
2068 4180 2205 4262 intelli·

608 4359 715 4445 gatur
743 4367 764 4417 a
791 4337 928 4441 brayda
956 4337 1023 4444 (6)
1051 4337 1338 4442 presbiterorum
1367 4365 1485 4442 supra.
1516 4356 1553 4416 et
1580 4337 1735 4443 quilibet
1761 4339 1881 4443 possit
1915 4367 2084 4419 accusare
2118 4367 2203 4419 cum

607 4500 819 4578 iuramento
839 4524 920 4576 su0.
942 4515 978 4575 et
998 4496 1031 4575 ei
1051 4495 1228 4576 credatur.
1246 4514 1282 4576 ct
1296 4494 1428 4575 habeat
1446 4497 1593 4576 tertiam
1612 4515 1754 4601 partem
1777 4495 1899 4576 banni.
1920 4496 2066 4577 Eodem
2085 4498 2204 4577 modo

607 4656 805 4735 familiares
833 4655 1028 4759 potestatis
1056 4655 1221 4758 posssint
1248 4649 1417 4733 accusare
1437 4673 1474 4732 et
1503 4655 1556 4734 eis
1584 4673 1621 4734 et
1649 4653 1798 4734 cuilibet
1828 4656 1994 4760 ipsorum
2023 4655 2202 4736 credatur.

607 4943 719 5107 DE
746 5020 1034 5103 EXTRANEO
1062 5021 1303 5103 INUENTO
1332 5022 1386 5101 lN
1414 5021 1629 5102 BOSCHlS
1657 5021 1893 5105 COMUNIS

672 5235 844 5439 Qum
873 5359 1052 5421 statutum
1072 5341 1249 5446 estquod
1277 5340 1440 5446 quelibet
1467 5369 1626 5447 persona
1654 5359 1825 5422 extranea
1853 5343 2002 5423 inuenta
2022 5343 2082 5422 uel
2106 5345 2204 5424 uissa

607 5496 646 5574 in
674 5498 798 5604 aliquo
828 5501 970 5579 boscho
999 5501 1171 5579 comunis
1189 5500 1427 5580 baennarum.
1448 5499 1508 5580 uel
1527 5501 1738 5581 hominum.
1769 5527 1833 5580 seu
1861 5499 2014 5582 alicuius
2037 5503 2203 5582 hominis
