4800 6696
402 562 438 622 et
465 541 626 646 qualibet
652 542 732 620 uice
762 540 904 620 solidos
931 569 966 618 x.
997 559 1033 619 et
1060 567 1128 643 pro
1155 537 1317 644 qualibet
1358 566 1464 618 coue.
1494 556 1531 618 et
1559 538 1731 650 eamdem
1771 527 1907 643 penam
1936 540 1988 617 in·

401 719 520 779 currat
549 697 709 804 quelibet
737 724 893 801 persona
921 725 992 801 que
1019 716 1159 801 peteret
1187 724 1251 776 seu
1280 696 1455 799 reciperet
1474 694 1636 799 aliquam
1655 722 1803 775 couem.
1833 696 1894 775 uel
1922 722 1988 776 co·

402 885 467 936 ues
495 859 628 937 messis
655 855 699 934 ab
728 855 848 960 aliqua
874 881 1043 959 persona.
1073 874 1109 933 et
1137 854 1299 959 quelibet
1325 880 1483 957 persona
1509 854 1629 958 possit
1657 852 1743 933 inde
1762 881 1931 934 accusare
1951 874 1988 934 et

401 1018 434 1111 ei
463 1017 670 1095 iuramento
698 1015 874 1094 credatur.
905 1032 941 1093 et
969 1015 1100 1093 habeat
1127 1014 1272 1092 tertiam
1291 1031 1432 1116 partem
1452 1012 1575 1091 banni
1604 1013 1651 1092 Et
1676 1031 1843 1117 potestas
1869 1014 1988 1117 possit

401 1174 524 1253 inde
515 1174 708 1316 inquirere.
736 1173 908 1276 Exceptis
949 1171 1103 1251 ferrariis
1144 1169 1317 1303 barberiis
1357 1172 1419 1275 qui
1460 1171 1605 1274 possint
1627 1190 1760 1296 petere
1789 1189 1826 1250 et
1842 1169 1988 1276 habere

400 1357 514 1410 coues
541 1349 562 1409 'a
590 1334 757 1435 personis
784 1329 916 1434 quibus
944 1307 1174 1458 seruiuerint
1186 1327 1232 1407 de
1261 1299 1392 1449 eorum
1388 1327 1554 1479 officio
1572 1346 1616 1453 et
1635 1344 1720 1449 'non
1740 1328 1810 1436 ab
1821 1328 1909 1408 'aliis
1920 1328 1987 1409 sub

402 1490 530 1569 eadem
560 1517 664 1593 pena.

208 2015 280 2092 281
395 1937 597 2149 QOD
623 2012 835 2099 LEAMEN
874 2009 1173 2097 GURGORUM
1223 2013 1290 2122 (2)
1317 2009 1493 2093 DETUR
1524 2007 1629 2092 PRO
1656 2005 1876 2090 Put'ttuts
1901 2004 1983 2090 AP-

550 2172 753 2259 TANDts.

469 2424 541 2579 ‘l
560 2516 637 2570 reu
670 2509 848 2569 statutum
889 2508 945 2568 est
985 2489 1085 2593 quod
1115 2488 1219 2568 detur
1248 2466 1393 2568 learnen
1421 2488 1522 2592 quod
1551 2507 1607 2569 est
1635 2490 1673 2568 in
1706 2491 1848 2593 gurgis.
1891 2489 1992 2570 uide-

403 2646 487 2728 licet
514 2677 535 2728 a
563 2649 681 2729 domo
709 2648 876 2727 laurentii
904 2647 950 2727 de
978 2648 1088 2726 matis
1116 2675 1231 2752 usque
1259 2646 1305 2726 ad
1333 2666 1489 2777 pontem
1526 2674 1749 2751 cognorum.
1779 2667 1817 2727 et
1845 2648 1991 2729 leamen

403 2806 504 2912 quod
533 2808 601 2886 erit
628 2808 667 2886 in
694 2807 754 2887 uia
782 2805 925 2911 publica
952 2834 973 2886 a
999 2806 1119 2885 domo
1147 2805 1281 2909 oglerii
1305 2805 1465 2885 ballochi
1493 2832 1610 2910 usque
1638 2806 1684 2885 ad
1711 2825 1860 2911 portam
1888 2833 1992 2912 supe·

403 2965 539 3044 riorem
567 2991 631 3069 per
658 2984 800 3043 ruatarn
829 2990 974 3044 summe
1002 2966 1079 3068 ripe
1107 2963 1215 3043 alicui
1242 2989 1400 3069 persone
1429 2990 1493 3043 seu
1520 2965 1690 3068 personis
1708 2965 1771 3069 qui
1799 2983 1996 3090 teneantur

404 3141 442 3202 et
464 3120 622 3203 debeant
650 3140 889 3202 manutenere
909 3141 1060 3227 puteum
1079 3141 1185 3227 quart
1204 3122 1268 3201 erii
1288 3141 1413 3202 sancte
1432 3122 1548 3242 marie
1566 3124 1666 3250 bene
1680 3141 1718 3247 et
1736 3141 2013 3243 competenter

402 3299 578 3387 aptatum.
608 3282 658 3360 ita
677 3281 778 3386 quod
807 3307 951 3386 semper
971 3300 1008 3360 et
1026 3280 1202 3360 continue
1229 3281 1348 3386 possit
1381 3242 1523 3362 extrahi
1551 3308 1645 3386 aqua
1645 3234 1712 3361 de
1730 3279 1833 3362 dicto
1860 3302 1989 3409 pqteo.

405 3440 581 3520 omnibus
608 3439 780 3545 expensis
807 3436 904 3519 dicte
944 3465 1102 3544 persone
1144 3439 1221 3519 siue
1262 3437 1444 3519 dictarum
1484 3466 1738 3545 personarum
1767 3441 1881 3555 Item
1889 3438 1993 3563 quod

405 3598 512 3680 detur
538 3597 684 3680 learnen
712 3626 733 3679 a
760 3596 862 3678 dicto
890 3615 1004 3702 ponte
1033 3597 1235 3701 usquead
1277 3599 1425 3677 furnum
1466 3597 1686 3679 scaficorum
1728 3597 1829 3704 quod
1859 3558 1927 3679 eiit
1956 3600 1994 3679 in

405 3758 536 3862 gurgis
563 3758 660 3838 dicte
688 3774 790 3836 ruate
818 3755 925 3836 alicui
953 3781 1110 3862 persone
1152 3782 1217 3835 seu
1257 3757 1427 3861 personis
1458 3756 1521 3861 qui
1549 3774 1742 3836 teneantur
1770 3776 1808 3837 et
1835 3756 1995 3838 debeant

404 3935 644 3997 manutenere
671 3916 851 4022 putheum
878 3914 1049 4020 quarterii
1067 3914 1192 4034 Sancti
1210 3915 1342 4018 Jorgii.
1362 3915 1458 3994 Item
1485 3914 1592 3995 detur
1609 3913 1756 3996 learnen
1784 3943 1994 4021 gurgorum

402 4103 424 4156 a
451 4075 570 4156 domo
596 4073 733 4157 Oberti
760 4038 916 4154 carnalie
944 4073 1094 4153 inferius
1121 4099 1236 4178 usque
1263 4072 1309 4152 ad
1337 4073 1497 4153 domurn
1538 4073 1667 4180 philipi
1703 4077 1864 4157 morcati.
1888 4075 1992 4181 quod

404 4235 473 4314 erit
491 4254 528 4314 et
547 4234 687 4314 extrahi
705 4234 842 4339 poterit
855 4230 902 4313 de
921 4232 1030 4314 dictis
1048 4233 1179 4341 gurgis
1196 4232 1293 4311 dicte
1312 4249 1414 4311 ruate
1433 4229 1541 4312 alicui
1559 4259 1717 4337 persone
1732 4261 1804 4339 que
1823 4253 1991 4315 teneatur

406 4412 443 4473 et
462 4391 597 4473 debeat
625 4411 864 4473 manutenere
891 4391 1072 4499 putheum
1090 4393 1210 4499 platee
1228 4395 1467 4473 baennarum.
1487 4393 1583 4472 Item
1602 4393 1703 4498 quod
1723 4393 1830 4474 detur
1849 4394 1995 4475 learnen

406 4550 511 4657 quod
542 4549 610 4631 erit
637 4571 674 4631 et
701 4550 843 4631 extrahi
869 4553 1008 4655 poterit
1036 4551 1081 4630 de
1110 4553 1241 4657 gurgis
1277 4579 1348 4657 que
1377 4513 1477 4658 :sunt
1504 4580 1525 4632 a
1553 4551 1672 4632 domo
1714 4551 1895 4634 heredum
1929 4554 2015 4670 Oct

407 4710 518 4793 donis
545 4709 592 4793 de
620 4729 874 4814 costamagna.
916 4710 1107 4815 usquead
1135 4700 1293 4792 domum
1332 4709 1472 4792 Sicardi
1513 4709 1723 4792 macellarii.
1753 4693 1801 4792 -et
1825 4691 1851 4791 a·
1874 4688 2010 4814 (lonso

406 4870 500 4974 petri
529 4867 682 4949 barberii
710 4894 826 4974 usque
845 4868 891 4948 ad
911 4868 1070 4948 domurn
1097 4869 1235 4949 henrici
1254 4861 1416 4974 goselmi
1435 4868 1544 4951 alicui
1562 4897 1720 4976 persone
1740 4880 1811 4977 que
1829 4892 1998 4989 teneatur
2070 4939 2073 4946 .

408 5045 445 5108 et
473 5026 606 5109 debeat
635 5045 875 5109 manutenere
902 5027 1082 5133 putheum
1101 5028 1272 5134 quarterii
1290 5027 1414 5109 Sancti
1432 5028 1632 5129 quenalis.
1652 5031 1748 5110 Item
1767 5030 1868 5137 quod
1880 5016 1996 5113 ¹detur

407 5184 555 5266 learnen
582 5186 685 5291 quod
712 5187 781 5267 erit
801 5187 838 5267 in
858 5186 989 5291 gurgis
1006 5213 1027 5266 a
1045 5204 1160 5291 ponte
1188 5162 1325 5267 doinus
1351 5187 1491 5268 henrici
1519 5187 1681 5293 goselmi
1700 5187 1851 5270 inferius
1877 5217 1995 5296 usque

409 5343 456 5424 ad
483 5342 643 5425 domum
670 5346 816 5426 maroni
845 5344 1034 5451 galuagni.
1064 5363 1101 5425 et
1128 5345 1273 5425 learnen
1301 5346 1403 5451 quod
1431 5348 1499 5428 erit
1526 5348 1564 5427 in
1592 5349 1723 5452 gurgis
1755 5375 1826 5453 que
1855 5333 1998 5429 suntin
2092 5350 2096 5357 ’

410 5503 607 5630 retitudIne
636 5503 773 5585 domus
800 5502 995 5585 confratrie
1024 5505 1139 5584 sancti
1172 5505 1361 5586 eustachii.
1402 5532 1519 5610 usque
1546 5505 1593 5586 ad
1621 5505 1780 5587 domurn
1808 5505 1896 5587 dicti
1915 5535 2000 5589 vma·
