4800 6696
140 631 235 779 '374
355 614 557 821 Qron
585 693 674 773 vm
700 693 828 773 nnn
855 692 1151 774 comanus
1180 692 1288 789 Qut
1306 692 1400 773 tsr
1422 691 1587 817 tunm
1614 626 1836 774 ionum
1862 693 1942 775 RE-

512 852 735 935 MANEAT
762 853 1029 933 suenoni.

417 1069 591 1272 Quin
621 1162 799 1224 statutum
827 1161 883 1223 est
915 1143 1016 1247 quod
1044 1145 1104 1222 uia
1132 1143 1219 1222 mali
1248 1146 1448 1247 compatris
1475 1172 1547 1249 que
1576 1165 1632 1224 est
1659 1147 1760 1224 iuxta
1794 1144 1940 1225 fontem

358 1303 488 1383 debeat
526 1303 691 1408 expediri
720 1323 755 1382 et
785 1302 954 1406 expedita
991 1328 1192 1381 remanere.
1235 1329 1351 1406 usque
1394 1303 1430 1381 in
1473 1300 1591 1383 fondo
1619 1303 1868 1384 mondalauie.
1898 1305 1945 1383 Et

357 1462 459 1565 quod
487 1460 670 1564 eligantur
697 1481 772 1539 tres
799 1461 973 1540 homines
1004 1461 1067 1562 qui
1095 1459 1252 1538 debeant
1282 1477 1318 1538 et
1358 1478 1551 1539 teneantur
1579 1461 1775 1563 designare
1803 1461 1943 1540 dictam

358 1620 457 1698 uiam
487 1637 523 1696 et
553 1618 756 1696 secundum
785 1616 885 1721 quod
915 1644 978 1720 per
1005 1617 1108 1721 ipsos
1135 1636 1209 1695 tres
1237 1616 1431 1720 designata
1459 1617 1566 1697 luerit
1595 1617 1727 1697 debeat
1763 1620 1944 1698 remaneri

357 1796 393 1856 et
421 1777 538 1855 teneri
566 1804 587 1854 a
616 1777 849 1855 consortibus
869 1776 983 1879 ipsius
1010 1776 1069 1853 uie
1098 1774 1280 1878 expedita.
1302 1794 1338 1853 et
1358 1737 1421 1879 qui
1440 1775 1697 1856 contrafecerit
1718 1803 1782 1856 seu
1802 1775 1939 1877 dictam

356 1936 457 2013 viam
486 1933 695 2038 impedierit
722 1932 782 2011 uel
809 1933 979 2037 impediri
1007 1932 1143 2011 fecerit.
1174 1932 1295 2011 soluat
1322 1959 1390 2037 pro
1418 1961 1512 2038 pena
1540 1954 1576 2013 et
1605 1935 1730 2013 banno
1758 1961 1826 2038 pro
1854 1961 1944 2038 quo·

356 2091 445 2171 libet
473 2111 509 2170 et
536 2091 699 2195 qualibet
729 2092 808 2169 uice
837 2089 981 2169 solidos
1021 2117 1080 2169 rx.
1119 2109 1155 2169 et
1198 2090 1359 2194 quelibet
1388 2118 1545 2194 persona
1573 2092 1672 2170 bone
1701 2091 1797 2170 fame
1826 2094 1944 2196 possit

355 2250 441 2329 inde
469 2276 639 2328 accusare
668 2248 973 2328 contrafacientes
1002 2267 1037 2326 et
1066 2250 1099 2326 ei
1128 2250 1337 2327 iuramento
1375 2249 1553 2328 credatur.
1592 2250 1638 2328 Et
1666 2249 1845 2328 dominus
1873 2276 1943 2353 po·

355 2426 468 2487 testas
496 2408 613 2510 possit
643 2406 728 2485 inde
756 2407 937 2510 inquirere
967 2406 1011 2484 ad
1041 2433 1146 2484 suam
1174 2406 1419 2485 uoluntatem.
1459 2425 1496 2485 et
1534 2408 1562 2484 si
1593 2425 1780 2511 caperetur
1808 2406 1945 2512 aliquid

355 2565 402 2644 de
429 2564 729 2670 possessionibus
760 2564 915 2644 alicuius
940 2591 1097 2669 persone
1135 2564 1328 2668 prodicta
1363 2565 1422 2642 uia
1457 2562 1623 2644 facienda
1657 2566 1854 2684 extimetur
1881 2594 1945 2671 per

356 2724 477 2802 dictos
505 2725 589 2802 tres.
621 2741 656 2801 et
685 2722 887 2802 secundum
917 2722 1019 2826 quod
1049 2723 1308 2801 extimauerint
1329 2720 1493 2800 soluatur
1521 2749 1585 2827 per
1613 2749 1775 2804 comune
1795 2715 1845 2803 illi
1868 2752 1945 2829 per-

358 2908 450 2961 sone
479 2875 716 2959 cuiuslfuerit
744 2879 840 2958 dicta
868 2881 1056 2984 possessio
1085 2897 1200 2984 capta.

356 3293 468 3459 DE
485 3373 739 3455 ,PERSONIS
765 3372 1054 3454 DETEMPns
1081 3372 1175 3455 PER
1202 3371 1504 3455 FAMILIARES
1532 3370 1864 3453 POTESTATIS.

418 3589 593 3793 Quin
622 3687 799 3749 statutum
837 3687 891 3747 est
924 3666 1025 3771 quod
1054 3694 1210 3771 persone
1239 3687 1343 3773 capte
1372 3688 1408 3747 et
1436 3670 1624 3774 detempte
1652 3698 1717 3775 per
1743 3631 1942 3751 dominum

356 3845 579 3931 potestatem
608 3847 644 3906 et
673 3828 752 3906 eius
779 3825 986 3905 familiares
1017 3827 1219 3905 occaxione
1247 3826 1401 3907 alicuius
1428 3828 1541 3907 banni
1570 3829 1672 3933 quod
1702 3828 1849 3910 soluere
1877 3797 1974 3910 de-v

356 3985 458 4066 beret
486 3988 584 4065 curie
612 3986 838 4064 baennarum
866 3984 1007 4065 nullam
1036 3984 1264 4065 solutionem
1293 3984 1425 4065 habere
1462 3988 1606 4090 possint
1634 4016 1655 4066 a
1683 3948 1840 4091 persona
1868 4016 1945 4092 pre-

358 4144 455 4223 dicta
482 4144 683 4247 detempta.
714 4143 818 4224 saluo
846 4143 947 4247 quod
977 4144 1006 4222 si
1035 4143 1259 4223 detineretur
1286 4144 1332 4223 ad
1361 4145 1574 4224 instantiam
1593 4144 1747 4225 alicuius
1773 4172 1943 4250 persone.

357 4303 515 4381 habeant
542 4328 611 4406 pro
639 4303 718 4380 eius
746 4300 912 4381 custodia
942 4302 979 4379 in
1008 4300 1067 4379 die
1096 4319 1132 4378 et
1160 4319 1271 4379 nocte
1305 4301 1476 4380 denarios
1504 4328 1579 4380 vni.
1609 4321 1646 4380 et
1674 4301 1767 4381 ultra
1797 4306 1970 4406 quanti--

356 4479 472 4539 tatem
500 4459 701 4563 predictam
729 4458 866 4563 aliquid
894 4456 1028 4537 habere
1057 4484 1134 4536 non
1161 4459 1317 4562 possint.
1347 4458 1471 4562 aliquo
1500 4457 1661 4563 capitulo
1689 4457 1787 4538 facto
1806 4461 1842 4538 in
1859 4487 1943 4539 con·
2015 4501 2017 4504 ·

358 4619 510 4697 trarium
539 4644 614 4696 non
645 4618 826 4695 obstante.

164 5035 236 5135 576
355 4979 467 5145 De
495 5057 726 5139 oomuus
754 5053 1088 5138 copnmenors
1119 5053 1185 5133 on
1214 5052 1361 5135 cons
1388 5052 1487 5133 unt
1514 5050 1742 5133 Tnouns

420 5275 599 5480 &Enim
628 5373 804 5435 statutum
834 5354 1019 5457 estquod
1049 5352 1169 5458 aliqua
1187 5381 1343 5459 persona
1371 5356 1417 5434 de
1447 5355 1599 5435 baennis
1619 5355 1678 5434 uel
1697 5357 1747 5436 ibi
1776 5355 1945 5436 habitans

359 5541 436 5593 non
463 5513 582 5617 possit
611 5540 679 5592 nec
707 5512 838 5591 debeat
867 5510 988 5590 locare
1017 5538 1081 5591 seu
1110 5511 1156 5590 ad
1176 5510 1333 5590 loerium
1352 5510 1437 5590 dare
1457 5513 1516 5592 uel
1536 5513 1761 5593 acomodare
1780 5511 1940 5617 aliquam
