4800 6696
377 679 448 756 337
563 573 672 735 DE
700 651 868 732 CESSIA
896 651 1215 731 PLANTANDA
1244 651 1298 729 IN
1327 649 1565 729 FOSSATO
1595 646 1875 727 AYRALIUM.
1918 655 1919 658 ‘

626 867 804 1069 Qua
832 985 1009 1046 statutum
1039 988 1094 1046 est
1122 969 1223 1071 quod
1252 967 1413 1070 quelibet
1442 993 1600 1070 persona
1628 994 1698 1070 que
1727 966 1837 1044 habet
1865 967 2000 1070 ayralia
2020 967 2080 1046 uel
2100 995 2156 1047 ot-

435 1182 437 1187 ·
568 1144 648 1204 tum
677 1127 778 1205 iuxta
806 1125 985 1205 fossatum
1014 1125 1191 1228 ayralium
1212 1144 1378 1204 teneatur
1398 1125 1559 1229 plantare
1580 1153 1690 1204 unam
1711 1128 1865 1205 cessiam
1886 1153 1993 1230 super
2013 1126 2155 1206 dietum

567 1280 766 1363 fossatum
787 1284 833 1362 Et
861 1282 933 1363 hoc
962 1283 1078 1363 lacere
1107 1303 1271 1362 teneatur
1301 1311 1415 1387 usque
1444 1284 1489 1361 ad
1519 1283 1692 1362 kalendas
1720 1284 1853 1386 aprilis.
1885 1283 1951 1362 sub
1978 1312 2073 1388 pena
2098 1312 2155 1364 so·

522 1536 526 1543 ,
568 1441 729 1521 lidorum
757 1469 806 1520 111.
836 1461 872 1520 et
900 1442 1000 1545 quod
1030 1460 1194 1544 potestas
1235 1443 1353 1545 possit
1395 1443 1480 1520 inde
1514 1443 1706 1545 inquirere.
1738 1460 1774 1521 et
1804 1441 1966 1546 quelibet
1995 1469 2153 1545 persona

567 1602 684 1703 possit
714 1601 798 1679 inde
827 1626 1007 1678 accusare.
1038 1600 1134 1677 etei
1164 1600 1373 1677 iuramento
1402 1599 1578 1677 credatur.

375 2071 446 2171 338
564 1988 764 2198 Qiou
793 2070 1056 2151 Potesuts
1084 2068 1362 2148 Teueasuu
1392 2067 1586 2147 FACERE
1614 2065 1765 2144 soiui
1794 2008 2038 2143 eouuuia
2066 2063 2147 2141 ux-

719 2228 936 2309 uuATA.

626 2445 802 2647 Quill
831 2566 1006 2627 statutum
1037 2568 1092 2626 est
1120 2548 1221 2650 quod
1250 2566 1415 2651 potestas
1443 2566 1610 2626 teneatur
1639 2547 1754 2626 lacere
1784 2548 1879 2627 solui
1899 2552 2074 2628 eomunia
2095 2578 2154 2629 ex-

566 2707 694 2784 timata
722 2733 784 2808 per
814 2706 1053 2783 extimatores
1081 2706 1253 2783 comunis
1282 2706 1506 2784 baenuatum
1543 2704 1614 2783 illis
1642 2707 1703 2809 qui
1732 2733 1809 2784 non
1839 2706 2030 2786 soluerunt
2057 2708 2154 2787 dicta

566 2862 741 2940 comunia
770 2863 807 2940 in
835 2862 914 2941 dies
933 2889 984 2940 xv
1004 2880 1201 2966 postquam
1231 2863 1412 2941 iurauerit.
1434 2863 1479 2940 Et
1496 2863 1523 2940 si
1544 2889 1621 2941 non
1642 2862 1820 2942 soluerint
1839 2865 1961 2966 primo
1981 2883 2154 2969 precepto

566 3038 730 3123 potestus
757 3038 923 3099 teneatur
951 3019 1067 3099 lacere
1095 3021 1227 3098 uastari
1249 3020 1344 3098 dicta
1365 3022 1538 3099 comuuia
1559 3023 1709 3100 comuni
1729 3021 1967 3102 baennarum.
1998 3022 2043 3101 de
2064 3050 2153 3128 qua-

565 3175 653 3257 libet
682 3177 800 3256 domo
828 3205 922 3256 unus
950 3178 1080 3258 homo,

371 3603 464 3747 339'
562 3562 764 3769 Quoo
792 3643 1113 3724 oesiouesuu
1143 3643 1230 3721 uia
1259 3641 1294 3720 A
1322 3641 1410 3720 uia
1439 3640 1626 3719 saucii
1654 3638 1833 3737 JACOBl
1866 3637 2038 3718 supua

625 3859 801 4063 Quot
830 3984 1006 4044 statutum
1027 3984 1083 4045 est
1106 3965 1206 4070 quod
1227 3984 1392 4069 potestas
1411 3984 1577 4046 teneatur
1597 3965 1713 4045 lacere
1737 3965 1923 4068 designari
1943 3966 2152 4045 aterminari

566 4144 601 4205 et
630 4144 867 4203 manutenete
894 4124 995 4202 uiam
1023 4138 1136 4202 unam
1155 4152 1175 4201 a
1194 4122 1293 4203 uado
1323 4124 1437 4202 sancti
1466 4122 1594 4222 jacobi
1615 4122 1681 4229 (1)
1701 4148 1816 4226 usque
1836 4124 1873 4201 in
1892 4121 2008 4202 finem
2037 4124 2152 4203 sancti

564 4278 696 4361 albani.
725 4306 839 4384 penes
867 4298 1021 4358 costam.
1052 4280 1144 4358 sicut
1173 4278 1275 4358 infra.
1305 4281 1350 4358 ab
1379 4298 1531 4384 utraque
1563 4298 1663 4384 parte
1692 4281 1761 4358 uie.
1793 4306 1863 4383 que
1892 4280 1950 4358 uia
1966 4280 2012 4358 sit
2031 4279 2152 4383 ampla

564 4438 714 4518 adicto
740 4438 839 4516 uado
867 4465 982 4542 usque
1010 4438 1056 4516 ad
1085 4456 1316 4517 cassenetum
1354 4437 1460 4518 burse
1497 4464 1570 4516 xiv
1611 4436 1765 4543 pedibus
1794 4457 1829 4516 et
1858 4465 1878 4516 a
1907 4437 2008 4546 dicto
2037 4464 2153 4533 casse·

564 4616 655 4676 neto
693 4623 798 4700 supra
827 4597 874 4675 sit
906 4594 1026 4700 ampla
1056 4596 1113 4674 uia
1148 4596 1310 4700 predicta
1339 4621 1388 4675 xt
1416 4595 1571 4700 pedibus
1598 4595 1676 4701 (2).
1712 4596 1756 4674 Et
1785 4597 1858 4675 hoc
1895 4614 2061 4675 teneatur
2090 4622 2153 4699 po

562 4773 675 4834 testas
703 4753 894 4858 adimpleri
923 4756 960 4833 in
989 4781 1158 4834 mensem
1177 4781 1293 4875 unum
1314 4773 1512 4858 postquam
1532 4755 1704 4834 iurauerit
1722 4756 1892 4858 regimen
1912 4755 2149 4833 baennarum.
2361 4828 2363 4832 ,

562 4913 608 4994 Et
636 4914 666 4992 si
694 4940 765 5017 qua
794 4939 949 5017 persona
978 4912 1198 4992 laborauerit
1218 4913 1255 4991 in
1275 4912 1372 4991 dicta
1400 4912 1459 4990 uia
1487 4911 1581 4991 ultra
1608 4913 1790 4992 terminos
1816 4912 2002 5017 predictos
2031 4912 2151 4992 soluat
2237 4883 2239 4886 Α

562 5097 629 5176 pro
657 5097 750 5176 pena
779 5069 922 5151 solidos
949 5097 986 5150 111
1014 5097 1081 5174 pro
1110 5069 1270 5174 qualibet
1299 5071 1378 5149 uice
1408 5091 1444 5149 et
1472 5070 1633 5174 quelibet
1652 5097 1808 5174 persona
1836 5071 1954 5175 possit
1982 5070 2068 5149 inde
2096 5097 2151 5149 ac·

563 5255 687 5309 cusare
715 5248 752 5308 et
780 5229 812 5308 ei
843 5230 1050 5308 iuramento
1078 5227 1254 5307 credatur.
