4800 6698
420 667 466 743 61
597 571 709 736 DE
736 649 1123 734 LIURATORJBUS.

662 892 755 1092 Q
766 1000 843 1054 TEM
871 993 1049 1054 statutum
1068 993 1124 1055 est
1151 975 1252 1079 quod
1281 993 1445 1079 potestas
1472 993 1637 1055 teneatur
1666 995 1702 1055 et
1730 975 1861 1055 debeat
1888 976 1973 1055 dare
2003 996 2039 1057 et
2067 976 2186 1057 liurari
2264 1013 2266 1017 ’

608 1131 724 1212 facere
752 1133 790 1211 in
819 1131 984 1211 solutum
1012 1132 1058 1212 de
1086 1124 1194 1212 rebus
1222 1100 1420 1211 malorum
1437 1133 1647 1214 debitorum
1676 1134 1929 1214 creditoribus.
1958 1134 2104 1215 Scilicet
2141 1135 2187 1214 de
2322 1236 2326 1243 ἡ

606 1264 808 1369 mobilibus
835 1317 947 1369 unam
975 1307 1166 1368 numatam
1206 1317 1274 1393 pro
1312 1290 1464 1370 denario
1492 1300 1568 1369 uno
1597 1308 1634 1370 et
1661 1290 1707 1370 de
1735 1290 1990 1370 immobilibus
2017 1309 2091 1371 tres
2118 1319 2188 1373 nu-

606 1466 724 1527 matas
751 1474 818 1551 pro
847 1475 871 1526 u
899 1446 1057 1527 denariis
1076 1465 1112 1525 et
1131 1448 1203 1526 hoc
1222 1474 1299 1527 non
1319 1448 1437 1550 possit
1455 1448 1638 1527 remoueri
1667 1448 1846 1527 conscilio
1874 1448 1934 1529 uel
1961 1447 2036 1528 alio
2055 1448 2194 1541 modo„

423 1903 472 1982 62
597 1827 709 1992 DE
738 1908 896 1991 REBUS
924 1908 1157 1989 LlURATIS
1183 1908 1550 1990 RESTITUENDIS
1577 1909 1926 1992 DEBITORIBUS.

660 2122 841 2326 ffitssn
870 2229 1048 2291 statutum
1068 2228 1123 2291 est
1147 2210 1247 2315 quod
1277 2211 1436 2289 creditor
1463 2209 1523 2288 uel
1549 2210 1640 2290 alter
1668 2211 1726 2289 cui
1753 2237 1811 2291 res
1839 2210 1992 2292 alicuius
2010 2212 2187 2293 debitoris

605 2369 732 2449 liurate
761 2387 797 2450 et
826 2369 910 2449 date
938 2369 1071 2448 luerint
1099 2369 1137 2447 in
1165 2367 1331 2446 solutum
1372 2394 1439 2471 pro
1481 2366 1606 2471 aliquo
1641 2367 1769 2448 debito
1797 2386 1964 2448 teneatur
1992 2387 2028 2450 et
2055 2369 2186 2450 debeat

603 2526 763 2608 relaxare
793 2527 939 2630 penitus
976 2525 1166 2629 expeditas
1206 2552 1340 2605 omnes
1368 2493 1436 2604 res
1477 2523 1545 2605 sibi
1583 2524 1731 2604 liuratas
1758 2543 1795 2605 et
1823 2525 1927 2605 datas
1956 2527 1993 2606 in
2022 2525 2186 2607 solutum

536 2714 538 2718 ·
604 2687 696 2775 inira
723 2712 747 2762 x
775 2709 895 2762 annos
922 2708 989 2786 pro
1016 2700 1117 2760 tanta
1145 2700 1279 2785 quanta
1298 2679 1405 2762 luerit
1424 2682 1606 2784 quantitas
1634 2698 1782 2797 propter
1809 2709 1922 2786 quarn
1949 2681 2082 2763 luerint
2108 2684 2185 2787 ipse

604 2867 663 2921 res
692 2840 819 2920 liurate
847 2840 1070 2943 computatis
1098 2840 1211 2919 etiam
1240 2839 1410 2942 expensis
1429 2838 1533 2918 factis
1560 2865 1624 2942 per
1651 2839 1773 2942 ipsum
1792 2839 2014 2920 creditorem
2042 2841 2080 2919 in
2108 2841 2185 2944 ipsa

604 2997 798 3078 liuratione
827 3015 864 3077 et
892 2996 1042 3076 datione
1071 2997 1110 3074 in
1138 2994 1303 3076 solutum
1334 2995 1531 3075 occasione
1560 2995 1721 3099 ipsarum
1749 2969 1871 3076 return
1896 2994 2107 3077 liuratarum
2125 2996 2186 3076 alii

603 3154 663 3235 uel
691 3154 772 3266 aliis
802 3152 1044 3235 creditoribus
1072 3154 1185 3257 ipsius
1212 3153 1391 3233 debitoris
1418 3154 1521 3232 cuius
1549 3170 1652 3233 erant
1679 3179 1738 3234 res
1765 3151 1905 3234 liurate.
1944 3154 1974 3234 si
1993 3153 2094 3234 dicto
2113 3182 2185 3234 cre·

603 3312 714 3392 ditori
743 3311 888 3391 soluere
916 3310 1075 3391 uoluerit
1103 3311 1270 3391 debitum
1299 3329 1335 3391 et
1365 3337 1543 3415 expensas
1581 3311 1772 3415 predictas,
1806 3312 1885 3391 siue
1923 3313 2083 3392 anterior
2123 3312 2184 3392 ille

602 3470 661 3548 cui
688 3468 816 3548 liurate
845 3467 977 3562 luerint
1005 3469 1082 3572 ipse
1110 3494 1168 3548 res
1195 3465 1303 3547 luerit
1345 3468 1423 3548 siue
1463 3470 1657 3572 posterior.
1692 3467 1796 3547 saluo
1838 3468 1938 3571 quod
1976 3470 2184 3549 restituatur

485 3626 487 3630 ’
601 3626 929 3706 melioramentum
955 3625 1092 3705 facturn
1120 3626 1158 3704 in
1186 3625 1294 3705 dictis
1335 3624 1444 3705 rebus
1477 3624 1615 3705 liuratis
1656 3625 1861 3706 secundum
1902 3591 2183 3707 extimationem

601 3785 864 3864 extimatorum
901 3783 1083 3862 comunis.
1126 3781 1198 3861 hoc
1236 3782 1352 3863 saluo,
1381 3782 1482 3887 quod
1520 3783 1550 3862 si
1578 3807 1736 3887 persona
1767 3782 1829 3862 illa
1858 3784 1917 3861 cui
1945 3781 2072 3863 liurate
2105 3782 2184 3864 lue-

600 3942 673 4021 rint
700 3941 797 4021 dlcte
825 3967 883 4020 res
910 3939 1054 4020 soluere
1082 3939 1241 4020 uoluerit
1269 3958 1305 4020 et
1335 3938 1487 4021 soluerit
1514 3940 1617 4020 alteri
1646 3941 1817 4021 creditori
1836 3939 2003 4021 debitum
2022 3969 2089 4045 pro
2108 3969 2183 4046 quo

600 4096 744 4199 petierit
770 4123 828 4177 res
856 4095 1002 4177 liuratas
1029 4096 1097 4176 sibi
1125 4098 1277 4177 restitui.
1299 4097 1400 4202 quod
1428 4125 1506 4177 non
1533 4116 1700 4178 teneatur
1728 4099 1766 4177 in
1793 4096 1865 4177 hoc
1896 4125 1982 4178 casu
2009 4097 2053 4177 ad
2082 4099 2183 4178 resti·

600 4254 785 4333 tutionem
813 4280 935 4332 rerum
962 4253 1217 4357 predictarum.

414 4709 438 4785 6
444 4733 461 4812 3
588 4628 702 4793 Dr
730 4708 951 4793 snrlnro
985 4709 1336 4815 rrunnronun.

650 4921 837 5125 Quen
860 5034 1037 5098 statutum
1057 5012 1232 5116 estquod
1262 5013 1315 5094 illi
1333 5017 1395 5119 qui
1415 5016 1520 5097 electi
1548 5016 1680 5097 luerint
1709 5015 1900 5098 liuratores
1918 5017 2103 5098 malorum
2122 5018 2183 5098 de-

599 5175 762 5256 bitorum
790 5201 868 5257 non
887 5177 1044 5259 debeant
1071 5205 1138 5258 nec
1166 5178 1311 5283 possint
1338 5172 1471 5255 habere
1499 5175 1570 5255 nisi
1598 5175 1770 5255 denarios
1797 5201 1821 5254 11
1849 5201 1915 5278 pro
1945 5174 2073 5255 libra*
2104 5194 2182 5255 tam

599 5336 637 5414 in
664 5334 751 5414 uilla
778 5334 1002 5416 baennarum
1045 5355 1081 5417 et
1123 5355 1222 5416 extra
1249 5336 1271 5375 ⁴*
1298 5354 1335 5416 et
1363 5363 1384 5415 a
1411 5333 1541 5415 solidis
1567 5362 1617 5413 xx
1646 5331 1736 5412 inlra
1776 5332 1947 5413 totidem.
1976 5333 2023 5412 Et
2050 5331 2181 5412 debeat

601 5492 745 5572 soluere
773 5491 833 5573 ille
862 5494 966 5572 cuius
993 5513 1116 5574 essent
1142 5520 1211 5574 res.
1240 5511 1280 5578 Et
1303 5510 1391 5600 quod
1413 5511 1528 5578 notarii
1551 5509 1667 5577 habere
1691 5508 1824 5576 debeant
1847 5531 1906 5598 pro
1929 5506 2048 5576 factura
2070 5509 2182 5575 instru-
