4800 6696
448 432 485 534 f·
523 489 645 537 LXXXII·
684 427 758 583 De
782 499 847 543 non
871 472 1077 563 impediendo
1101 473 1186 539 uiam
1210 470 1342 561 pernalli
1366 472 1400 537 in
1424 469 1552 557 ayralia.

684 674 758 827 De
782 721 937 813 lapidibus
960 743 1027 789 non
1049 720 1244 809 proiciendis
1267 719 1302 786 in
1325 719 1396 785 uiis.

682 913 790 1090 Qui
812 966 950 1034 uoluerit
973 966 1113 1054 plantare
1135 964 1267 1053 plantas.

686 1165 761 1321 De
785 1214 972 1282 habentibus
995 1231 1094 1280 terras
1118 1236 1135 1279 a
1159 1213 1217 1279 uia·
1233 1213 1315 1280 cerri
1337 1234 1436 1300 usque
1460 1212 1638 1302 adportas.

685 1412 760 1537 De
783 1493 849 1537 non
874 1468 1020 1537 faciendo
1043 1471 1165 1536 rianam
1189 1467 1241 1535 uel
1264 1468 1429 1536 fossatum.

448 1679 485 1780 f·
516 1736 645 1784 Lxxxm.
686 1658 760 1780 De
784 1707 904 1774 fossato
928 1705 1073 1774 faciendo
1096 1729 1114 1772 a
1137 1722 1280 1773 montata
1295 1705 1401 1793 plobie
1424 1726 1523 1793 usque
1546 1705 1585 1772 ad
1608 1690 1712 1772 costas
1736 1727 1827 1772 secus
1856 1708 1943 1775 uiam
1969 1729 2035 1774 sar-

855 1875 994 1941 materii.

685 2062 760 2235 Qe
784 2111 904 2179 fossato
927 2109 1072 2177 faciendo
1096 2130 1186 2176 secus
1210 2094 1333 2177 cnstam
1354 2108 1468 2176 banalli
1493 2132 1589 2198 usque
1614 2108 1653 2177 ad
1675 2109 1774 2177 finem
1798 2112 1898 2179 sancti
1922 2111 2038 2179 albani.

667 2308 759 2476 De
783 2359 903 2426 fossato
927 2356 1073 2425 faciendo
1099 2379 1155 2445 pet
1177 2358 1264 2424 uiam
1287 2360 1388 2424 sancti
1410 2356 1578 2424 quenalis.

687 2554 761 2722 ἒς
785 2604 911 2671 fossatis
935 2604 1086 2671 faciendis
1109 2626 1203 2698 super
1226 2603 1321 2692 plano
1344 2605 1443 2672 sancti
1467 2603 1595 2671 faustini
1618 2621 1651 2671 et
1673 2603 1765 2672 elexi.

448 2818 649 2924 sstxxxmt.
687 2800 761 2973 De
785 2862 846 2927 uiis
870 2858 1012 2948 aptandis
1035 2861 1070 2926 in
1093 2859 1167 2926 uilla
1191 2858 1385 2928 baennarum
1410 2862 1497 2928 etin
1521 2859 1650 2948 ayralia.

686 3047 763 3216 De
786 3118 851 3165 non
874 3035 993 3164 arando
1017 3099 1104 3164 uiam
1128 3116 1252 3186 captam
1277 3098 1330 3186 uel
1352 3116 1504 3188 emptam.

685 3292 760 3415 De
783 3342 969 3411 habentibus
993 3346 1211 3432 possessiones
1233 3367 1290 3433 per
1312 3346 1398 3413 uiam
1423 3344 1519 3412 bealis
1541 3345 1580 3412 ab
1603 3344 1699 3412 horto
1722 3344 1845 3412 henrici
1869 3344 1908 3414 de
1925 3364 1972 3414 ast
1988 3369 2039 3413 su-

855 3515 970 3600 petius.

688 3696 763 3820 De
787 3753 906 3821 fossato
929 3751 1074 3820 faciendo
1097 3754 1261 3841 peruiam
1284 3751 1373 3840 podii
1389 3775 1406 3819 a
1422 3771 1516 3820 strata
1539 3774 1639 3841 usque
1661 3753 1701 3819 ad
1716 3769 1826 3819 uotam
1849 3752 1949 3841 podii.

448 3959 486 4061 f.
525 4018 644 4066 Lxxxv.
690 3950 764 4071 De
787 4003 840 4068 uia
863 3998 940 4068 mali
962 4001 1088 4082 scatoni
1111 3997 1262 4066 facienda.

690 4191 826 4360 Quod
849 4267 989 4339 potestas
1012 4242 1084 4314 non'
1101 4246 1202 4336 possit
1227 4243 1409 4312 recerchare
1431 4243 1500 4310 uias
1524 4242 1653 4332 aliquas.

687 4438 763 4561 De
787 4489 947 4555 massariis
963 4484 1115 4574 eligendis
1132 4506 1226 4572 super
1250 4483 1387 4550 fossatis.

688 4685 762 4807 De
786 4736 887 4803 cessia
909 4731 1074 4822 strepanda
1096 4731 1135 4799 ad
1159 4730 1318 4798 uillarium
1341 4745 1555 4818 costemagne.

687 4926 826 5113 Quod
848 4978 902 5046 fiat
926 4978 1080 5045 fossatum
1103 4978 1137 5044 in
1160 4999 1241 5045 cona
1265 4979 1350 5044 iuxta
1373 4996 1522 5044 comune.

448 5187 487 5288 f·
516 5243 646 5292 exxxw.
688 5168 763 5298 De
787 5226 907 5295 fossato
931 5225 1075 5294 faciendo
1091 5224 1130 5292 ad
1145 5227 1251 5292 riuum
1275 5223 1394 5294 Rubee.
1454 5267 1455 5273 κ
