4800 6698
1034 171 1098 240 VII

381 540 456 655 XLI}-
489 483 572 635 Ad
596 553 672 619 quas
694 552 801 618 pessas
823 530 941 617 pessari
965 527 1087 594 debeat.

286 805 298 831 ·
373 787 458 833 xum.
491 725 565 880 De
589 775 746 857 extraneis
768 726 978 840 uendenulus
1001 771 1139 859 aliquam
1156 792 1224 835 rem
1249 768 1288 834 ad
1311 789 1446 856 pessam.

361 1031 459 1078 xum.
489 971 572 1142 A-d
596 1041 676 1106 quos
700 1016 1083 1122 ferrarioshabitantibus
1107 1015 1299 1081 baennarum
1324 1012 1474 1078 fabricare
1497 1010 1599 1077 liceat.

287 1295 300 1321 .
386 1276 457 1324 mv.
491 1214 566 1371 De
590 1260 856 1330 macellatoribus.

375 1523 459 1569 xrvr.
491 1458 566 1615 De
589 1507 765 1574 textoribus
789 1524 820 1573 et
843 1523 986 1595 paratura
1009 1527 1190 1593 pannorum
1214 1521 1245 1569 et
1268 1505 1411 1591 ipsomm
1436 1523 1595 1567 mensura.

364 1766 460 1814 vau.
493 1702 567 1860 DJ
591 1752 774 1819 sartoribus.

343 2013 461 2061 xavuu.
495 1943 635 2121 Quod
658 1996 813 2083 eligantur
837 1994 901 2062 duo
925 1995 1069 2061 massarii
1093 2015 1139 2059 ex·
1154 1991 1216 2059 illis
1240 1994 1294 2079 qui
1317 1992 1435 2059 habent
1465 2010 1554 2110 ortos
1577 1993 1611 2058 in
1635 1991 1797 2079 bergonia.

420 2258 460 2304 m.
494 2188 631 2368 Quod
655 2241 818 2308 manuales
840 2233 998 2328 ponantur
1021 2238 1060 2305 ad
1084 2260 1235 2305 scarsum.

496 2436 569 2598 De
593 2486 655 2552 illis
679 2488 733 2574 qui
755 2508 821 2553 non
844 2503 977 2573 possunt
1001 2507 1069 2550 esse
1094 2503 1302 2550 accusatores.

496 2680 570 2840 De
594 2728 790 2797 scurantibus
814 2731 916 2795 rianas
940 2751 1035 2816 super
1059 2729 1189 2795 comuni
1212 2729 1245 2794 in
1265 2727 1343 2793 uilla
1368 2727 1572 2839 baennnrum.

398 2995 461 3042 Lm.
496 2922 634 3089 Quod
657 2973 796 3040 taschete
821 2992 853 3039 et
876 2973 1034 3061 parasides
1058 2995 1125 3038 non
1148 2990 1313 3039 teneantur
1335 2973 1374 3039 ad
1398 2972 1592 3040 molaudina.
1646 3006 1648 3010 ⁴

495 3169 569 3291 De
593 3217 750 3283 lomariis.

411 3487 461 3532 nv.
497 3415 571 3537 De
595 3465 765 3552 caligariis..

493 3659 568 3780 De
592 3709 741 3776 ferrariis.

401 3961 464 4008 Lvt.
495 3885 571 4008 De
594 3936 845 4025 retaglatoribus.

291 4227 303 4253 .
389 4205 463 4253 Lvu.
496 4128 633 4298 Quod
658 4183 760 4269 aliqua
782 4204 918 4271 persona
941 4203 1007 4249 non
1030 4181 1142 4248 debeat
1171 4181 1319 4269 colligere
1347 4182 1486 4248 leanrum
1510 4205 1568 4249 nec
1596 4182 1704 4249 bussas
1728 4185 1762 4250 in
1785 4185 1848 4250 uia.

292 4471 304 4497 .
330 4427 331 4431 ’
403 4451 464 4498 nu.
498 4374 573 4544 Qe
597 4425 716 4492 canabo
741 4424 877 4493 barendo
901 4426 940 4493 ad
964 4426 1181 4494 batenderium
1204 4449 1259 4514 per
1282 4426 1422 4515 aliquem
1447 4426 1486 4493 de
1510 4425 1652 4495 familia

389 4697 461 4744 Lxu.
495 4615 632 4785 Quod
657 4670 819 4738 manuales
846 4693 912 4738 non
947 4673 1070 4759 possint
1106 4688 1187 4739 stare
1211 4673 1244 4738 in
1267 4671 1391 4759 plathea
1414 4690 1583 4760 postquam
1607 4694 1641 4737 se
1664 4670 1846 4738 locauerint.

294 4963 307 4989 .
380 4943 465 4990 mm.
497 4862 635 5030 Quod
658 4912 782 4980 bouerii
805 4931 971 4983 teneantur
995 4915 1137 4983 laborare
1160 4916 1222 4983 illis
1245 4917 1359 5004 quibus
1384 4918 1600 5004 promiserint.

370 5187 465 5234 mnu.
499 5106 636 5273 Quod
659 5160 762 5248 aliqua
786 5159 903 5227 domus
928 5161 966 5228 de
990 5162 1108 5229 solario
1131 5185 1197 5230 non
1219 5165 1321 5250 possit
1345 5165 1445 5229 teneri
1469 5180 1598 5250 coperta
1630 5163 1669 5230 de
1692 5152 1811 5230 cuuis(

271 5378 309 5476 f.
392 5433 465 5479 va,
498 5349 635 5518 Quod
659 5402 783 5471 leamen
806 5428 981 5494 gurgorum
1007 5405 1098 5473 detur
1121 5413 1180 5495 pro
1203 5410 1307 5495 puteis
1331 5407 1484 5495 aptandis.
