4800 6698
812 366 817 378 .
933 289 1184 394 LXXXV

261 578 308 656 Et
336 575 495 655 debeant
523 574 640 654 facere
669 602 776 678 super
795 575 947 653 comuni
975 575 1025 652 ita
1052 574 1153 678 quod
1183 575 1229 653 sit
1257 574 1478 677 contiguum
1507 575 1586 653 eius
1612 575 1853 678 possessioni.

264 736 311 814 Et
339 733 440 837 quod
468 752 634 837 potestas
661 752 828 810 teneatur
856 737 971 810 lacere
999 732 1208 811 aterminari
1228 731 1364 811 dictam
1383 733 1484 810 uiam
1504 732 1540 810 in
1561 756 1730 810 mensem
1749 751 1854 836 post-

262 919 374 995 quam
404 892 575 970 iurauerit
603 890 784 992 regimen.

67 1341 138 1420 357
263 1247 375 1413 DE
402 1325 491 1407 un
518 1289 646 1404 nan
673 1323 901 1407 sellom
926 1311 993 1418 (ι)
1025 1321 1296 1404 mennon.

340 1578 366 1606 „

334 1622 366 1729 ’ἑ
381 1628 500 1733 {insin
529 1646 707 1707 statutum
737 1647 792 1707 est
820 1627 922 1731 quod
949 1647 1115 1731 potestas
1141 1646 1308 1706 teneatur
1336 1626 1452 1706 facere
1494 1619 1573 1706 fieri
1615 1652 1728 1704 unam
1756 1626 1856 1704 uiam

266 1784 311 1862 ad
341 1784 481 1863 malum
512 1812 726 1864 scarronum
755 1812 825 1889 que
855 1785 915 1863 uia
933 1784 997 1864 fiat
1016 1812 1079 1889 per
1099 1784 1292 1863 rilauetum
1321 1784 1388 1890 (2)
1416 1802 1452 1863 et
1480 1810 1543 1888 per
1571 1782 1753 1863 ronchum
1782 1786 1859 1861 bar·
1963 1782 1966 1786 ’
2013 1783 2014 1786 ’

267 1941 329 2021 leti
359 1962 395 2021 et
423 1943 541 2022 lacere
570 1945 800 2022 manuteneri
829 1962 990 2047 aptatam
1011 1944 1147 2022 dictam
1167 1946 1278 2022 uiam.
1299 1944 1345 2022 Et
1363 1943 1435 2022 hoc
1464 1943 1581 2022 lacere
1599 1941 1676 2022 fieri
1698 1961 1734 2022 et
1757 1968 1858 2020 com·
1936 1937 1953 1978 ·’

266 2100 360 2204 pleri
384 2120 551 2179 teneatur
579 2129 695 2204 usque
723 2101 768 2179 ad
799 2100 973 2180 kalendas
1001 2101 1126 2179 madii.

72 2581 143 2681 358
266 2509 468 2716 QJOD
496 2586 762 2669 POTESTAS
798 2584 898 2666 UEL
929 2585 1039 2666 EIUS
1075 2582 1262 2666 LOCUM
1297 2582 1500 2664 TENENS
1532 2580 1651 2664 NON
1683 2580 1860 2662 POSSIT

423 2745 761 2830 RECERCHARE
787 2744 904 2825 UIAS
930 2742 1167 2839 ALlQUAS.

331 2963 505 3166 &gron
534 3061 711 3122 statutum
741 3064 796 3122 est
825 3042 925 3146 quod
955 3062 1119 3147 potestas
1147 3042 1207 3122 uel
1235 3044 1314 3123 eius
1342 3043 1473 3123 locum
1487 3062 1618 3124 tenens
1636 3073 1714 3125 non
1743 3048 1860 3149 possit

271 3229 337 3280 nec
367 3202 499 3280 debeat
527 3200 643 3282 facere
672 3200 847 3305 aliquam
875 3203 1163 3280 recercationem
1191 3202 1229 3280 in
1257 3201 1344 3281 uilla
1385 3202 1443 3281 uel
1481 3230 1591 3306 posse
1638 3204 1862 3284 baennarum

270 3361 466 3439 occasione
495 3359 699 3463 aliquarum
728 3361 871 3439 uiarum
900 3360 1118 3438 comunium
1139 3359 1197 3438 uel
1218 3359 1427 3463 aliquorum
1457 3359 1681 3440 fossatorum
1702 3363 1759 3441 uel
1782 3365 1862 3442 bea·

271 3515 439 3597 leriarum
464 3518 684 3596 comunium
713 3516 771 3595 uel
801 3493 1014 3622 specialium
1057 3517 1126 3596 nisi
1168 3519 1267 3621 prius
1309 3517 1433 3597 lecerit
1463 3520 1688 3621 preconizari
1716 3521 1860 3625 publice

272 3704 378 3784 super
406 3678 610 3783 campanile
640 3679 867 3762 baennarum
896 3679 1096 3784 capitulum
1126 3684 1203 3760 siue
1232 3678 1387 3783 capitula
1421 3684 1552 3784 uigore
1573 3685 1676 3760 cuius
1696 3682 1754 3761 uel
1774 3711 1864 3785 quo-

202 3937 206 3945 ·
271 3863 352 3915 rum
381 3836 516 3916 faceret
545 3838 681 3917 dictam
711 3842 1000 3918 recercationem
1029 3842 1065 3918 in
1095 3868 1165 3942 qua
1198 3840 1499 3943 preconizatione
1542 3838 1648 3917 detur
1684 3842 1864 3919 terminus
1925 3853 1927 3859 '

271 3992 317 4071 ad
347 3995 470 4072 minus
498 4021 549 4072 xv
579 3995 733 4074 dierum.

78 4441 149 4521 359
268 4337 472 4547 QJOD
490 4420 757 4502 POTESTAS
771 4420 1053 4504 TENEATUR
1067 4419 1136 4500 ET
1149 4418 1353 4500 DEBEAT
1372 4418 1567 4501 FACERE
1585 4417 1717 4499 ELIGI
1733 4417 1862 4500 TRES

426 4582 525 4663 UEL
550 4583 615 4663 llll
639 4580 876 4664 HOMINES
903 4581 998 4678 QUI
1024 4578 1267 4661 DEBEANT
1289 4578 1587 4663 RECERCARE
1614 4576 1859 4664 FOSSATA.

338 4797 511 5001 Quin
541 4908 718 4969 statutum
760 4908 816 4967 est
857 4888 959 4994 quod
1001 4907 1166 4993 potestas
1208 4907 1373 4968 teneatur
1401 4909 1437 4967 et
1466 4889 1597 4969 debeat
1626 4891 1654 4967 si
1683 4917 1864 4971 recercare

276 5046 434 5127 uoluerit
461 5047 582 5151 aliqua
610 5045 747 5126 fossata
777 5045 870 5126 lacta
898 5046 956 5127 uel
987 5045 1151 5126 facienda
1180 5048 1217 5125 in
1245 5046 1318 5127 fine
1339 5047 1563 5126 baennarum
1594 5074 1638 5127 ex
1667 5046 1786 5127 forma
1805 5048 1866 5128 ali·

168 5302 171 5309 ,
274 5205 377 5283 cuius
406 5204 553 5308 capituli
582 5205 808 5283 baennarum
838 5231 902 5284 seu
931 5204 1090 5309 aliquam
1120 5223 1260 5309 partem
1289 5204 1513 5284 fossatorum
1541 5205 1790 5309 predictorum
1819 5205 1867 5285 fa·

275 5389 356 5440 cere
385 5361 474 5464 eligi
503 5380 577 5440 tres
605 5362 664 5441 uel
694 5389 744 5441 1111
774 5361 948 5442 homines
976 5362 1022 5441 de
1051 5361 1232 5441 conscilio
1259 5389 1322 5467 per
1351 5361 1530 5441 electores
1558 5364 1731 5442 comunis
1759 5366 1866 5443 baen-

276 5547 405 5598 narum
426 5521 486 5623 qui
507 5520 666 5601 debeant
685 5548 868 5601 recercare
897 5523 973 5626 ipsa
994 5520 1141 5601 fossata.
1163 5540 1199 5600 et
1219 5520 1423 5600 secundum
1443 5521 1543 5626 quod
1563 5549 1626 5626 per
1646 5549 1712 5601 eos
1727 5520 1866 5602 electos

331 5756 379 5808 22
