4800 6696
1242 283 1392 387 XCII

324 686 423 790 389⁷
518 617 620 791 (DE
639 713 830 767 SOLUENDA
851 712 1016 766 Gassfittn
1034 713 1065 766 SI
1085 711 1358 766 EXTRAHUNTUR
1384 710 1511 765 MONOS
1534 712 1603 765 UEL
1627 712 1792 766 TEGULAS
1811 712 1858 765 DE
1877 711 1982 766 POSSE
2008 713 2112 767 BAEN·

680 801 835 960 NARUM).

586 1029 746 1231 &aar
770 1162 921 1210 statutum
947 1162 993 1211 est
1016 1144 1103 1231 quod
1126 1118 1263 1232 quelibet
1287 1165 1422 1230 persona
1456 1166 1516 1230 que
1550 1144 1664 1209 emer-it
1697 1141 1821 1230 aliquos
1846 1165 1962 1209 monos
1986 1142 2037 1208 uel
2060 1153 2125 1208 te-'

519 1288 608 1377 gulas
632 1309 724 1353 causa
749 1284 930 1353 extrahendi
953 1285 992 1351 de
1015 1306 1108 1372 posse
1133 1284 1325 1350 baennarum
1351 1283 1453 1350 soluat
1478 1303 1507 1349 et
1532 1276 1656 1350 soluere
1680 1301 1822 1349 teneatur
1843 1307 1900 1371 pro
1916 1283 2037 1371 gabella
2061 1306 2112 1349 so-

519 1427 601 1495 lidos
624 1449 658 1495 111
681 1447 740 1514 pro
772 1398 923 1514 qualibet*
942 1444 1060 1491 carrata
1095 1442 1125 1490 et
1153 1447 1212 1512 pro
1242 1424 1384 1508 *caualata
1418 1423 1556 1490 solidum
1581 1447 1591 1490 1
1615 1442 1646 1489 et
1669 1447 1727 1510 pro
1756 1442 1879 1490 somata
1910 1425 2056 1491 denarios
2079 1446 2112 1490 vt

519 1588 550 1635 et
574 1586 697 1635 tantum
721 1567 868 1633 similiter
892 1561 994 1633 soluat
1017 1565 1166 1632 uenditor
1188 1584 1358 1654 antequam
1381 1568 1468 1652 ipsos
1492 1565 1543 1630 uel
1567 1567 1649 1652 ipsas
1673 1564 1813 1630 extrahat
1834 1563 1873 1630 de
1896 1586 1989 1653 posse
2014 1565 2112 1632 baen-

519 1733 632 1777 narum
657 1727 688 1775 et
712 1712 739 1775 si
762 1708 991 1775 contrafactum
1016 1707 1109 1774 fuerit
1133 1707 1235 1773 soluat
1251 1706 1353 1773 dictus
1377 1725 1503 1794 emptor
1527 1724 1557 1772 et
1581 1705 1729 1772 uenditor
1752 1728 1811 1793 pro
1834 1685 2024 1795 quolibetet
2040 1692 2112 1794 qua-

519 1850 595 1917 libet
618 1853 688 1917 uice
712 1849 833 1917 solidos
856 1873 896 1918 tx
919 1867 1059 1915 astenses
1090 1868 1119 1915 et
1144 1848 1229 1936 quod
1254 1847 1293 1914 de
1316 1848 1466 1936 predictis
1490 1868 1521 1913 et
1545 1847 1687 1941 quolibet
1722 1847 1938 1935 predictorum
1973 1847 2111 1937 quelibet

518 2016 653 2083 persona
677 1993 761 2060 bone
785 1991 868 2060 fame
892 1993 992 2080 possit
1026 1990 1099 2056 inde
1132 1989 1393 2057 contrafacientes
1427 2013 1574 2056 accusare
1598 2008 1628 2055 et
1653 1990 1682 2055 ei
1706 1985 1886 2055 iuramento
1910 1988 2055 2056 credatur
2079 2009 2110 2056 et

519 2136 632 2203 habeat
656 2137 782 2201 tertiam
807 2152 928 2222 partem
952 2133 1046 2200 banni
1071 2152 1101 2199 et
1125 2132 1277 2199 dominus
1300 2150 1439 2220 potestas
1474 2133 1575 2219 possit
1600 2121 1674 2197 inde
1698 2132 1857 2218 inquirere
1880 2130 1918 2197 ad
1943 2152 2033 2197 suam
2056 2154 2111 2197 uo·

519 2277 683 2344 luntatem.

493 2730 495 2734 Ι
520 2665 619 2838 (DE
638 2758 715 2812 NON
735 2757 929 2811 RUSCANDO
945 2757 981 2809 IN
1002 2756 1118 2810 BOSCO
1136 2757 1206 2810 SUO
1225 2757 1295 2811 UEL
1314 2756 1450 2811 ALIENO
1472 2799 1478 2810 .

586 2950 746 3152 &aaa
769 3086 921 3134 statutum
946 3086 994 3132 est
1017 3065 1104 3154 quod
1127 3066 1229 3154 aliqua
1254 3089 1389 3154 persona
1413 3089 1477 3132 non
1502 3065 1613 3133 audeat
1629 3067 1680 3133 uel
1696 3085 1856 3155 presumat
1881 3069 2029 3135 ruschare
2053 3093 2111 3137 nec

519 3208 660 3274 ruschari
684 3207 785 3274 facere
809 3211 840 3274 in
864 3230 923 3273 suo
948 3207 1070 3273 boscho
1094 3230 1151 3274 nec
1175 3209 1208 3273 in
1232 3207 1336 3274 alieno
1359 3207 1477 3295 aliquas
1502 3206 1624 3273 albores
1649 3210 1875 3297 cuiuscumque
1899 3213 2025 3298 generis
2049 3213 2112 3277 sint

519 3350 551 3415 in
575 3348 637 3414 fine
661 3371 720 3416 nec
743 3370 837 3437 posse
861 3348 1065 3416 baennarum.
1101 3317 1132 3415 et
1166 3350 1193 3414 si
1222 3348 1451 3415 contrafactum
1487 3346 1580 3414 fuerit
1603 3348 1707 3414 soluat
1730 3348 1868 3436 quelibet
1893 3373 2026 3438 persona
2049 3374 2109 3440 pro
2174 3442 2177 3449 Ι

518 3489 659 3579 qualibet
682 3508 712 3557 et
736 3490 873 3578 qualibet
896 3493 966 3558 uice
990 3515 1049 3578 qua
1074 3489 1294 3557 contrafecerit
1327 3490 1447 3556 solidos
1470 3512 1511 3557 tx
1535 3508 1674 3556 astenses
1699 3509 1728 3556 et
1753 3493 1779 3557 si
1804 3491 1905 3579 aliqua
1930 3493 2041 3558 ruscha
2064 3494 2113 3559 in-

488 3598 492 3605 ·
519 3619 612 3697 uenta
636 3630 730 3697 fuerit
753 3655 850 3720 penes
874 3630 1010 3718 aliquam
1035 3654 1204 3720 personam
1222 3632 1255 3697 in
1268 3630 1368 3697 domo
1385 3633 1452 3696 eius
1468 3630 1520 3697 uel
1543 3631 1640 3716 ayrali
1657 3630 1707 3697 uel
1723 3631 1776 3697 ubi
1794 3631 1948 3699 habitaret
1965 3632 2111 3700 eamdem

519 3795 633 3862 penam
658 3772 831 3839 substineat
855 3790 885 3837 et
909 3773 995 3859 quod
1019 3772 1057 3838 de
1082 3771 1230 3860 predictis
1253 3771 1393 3860 quelibet
1427 3792 1562 3859 persona
1589 3771 1671 3838 bone
1696 3771 1780 3838 fame
1804 3775 1905 3861 possit
1928 3773 2001 3839 inde
2024 3796 2112 3840 accu-

519 3936 588 4000 sare
612 3932 643 3980 et
666 3917 695 3980 ei
719 3916 898 3980 iuramento
922 3912 1066 3980 credatur
1101 3931 1131 3979 et
1164 3911 1276 3978 habeat
1310 3914 1436 3978 tertiam
1471 3930 1595 4000 partem
1620 3912 1714 3978 banni
1740 3933 1771 3978 et
1794 3912 1946 3979 dominus
1970 3932 2111 4000 potestas

509 4056 620 4147 ¹possit
642 4053 716 4121 inde
740 4056 896 4143 inquirere
922 4053 960 4119 ad
985 4077 1079 4151 suam*
1101 4052 1297 4120 uoluntatem
1322 4054 1337 4142 (
1360 4054 1385 4142 ).

521 4467 673 4636 QUOD
691 4547 814 4602 GALLA
833 4546 910 4601 NON
930 4548 1074 4602 DEBEAT
1093 4548 1256 4610 EXTRAHI.
1274 4548 1393 4601 EXTRA
1415 4547 1553 4602 UILLAM
1573 4549 1619 4601 ET
1638 4548 1742 4603 POSSE
1762 4548 1968 4603 BENNARUM.

585 4727 734 4928 Quia
753 4876 881 4918 statutum
900 4876 940 4918 est
958 4866 1027 4935 quod
1047 4866 1133 4936 aliqua
1153 4882 1264 4934 persona
1284 4883 1339 4918 non
1358 4866 1452 4919 audeat
1472 4866 1514 4918 vel
1536 4879 1670 4935 presumat
1689 4868 1826 4922 extrahere
1845 4868 1887 4921 uel
1907 4868 2008 4922 extrahi
2028 4868 2111 4922 facere

519 5000 546 5041 et
563 4967 658 5042 ducere
677 4989 719 5041 vel
738 4988 798 5042 duci
818 4988 901 5043 facere
920 5000 1023 5059 portare
1042 4989 1085 5042 vel
1104 4989 1201 5059 portari
1227 4989 1311 5042 facere
1335 5001 1408 5044 extra
1427 4989 1519 5043 villam
1538 4991 1580 5043 vel
1604 5006 1681 5060 posse
1704 4992 1850 5044 bennarum
1873 4991 1989 5061 aliquam
2011 4992 2111 5062 gallam

518 5123 546 5165 et
563 5112 607 5182 qui
626 5112 809 5166 contrafecerit
828 5112 913 5166 soluat
932 5129 979 5182 pro
997 5112 1113 5182 qualibet
1132 5124 1158 5165 et
1176 5111 1292 5182 qualibet
1311 5113 1375 5167 vice.
1395 5113 1493 5167 scilicet
1512 5130 1559 5183 pro
1579 5094 1680 5167 carrata
1704 5113 1783 5167 libras
1810 5114 1902 5167 decem
1921 5125 2045 5168 astenses.
2064 5131 2112 5184 pro

519 5236 637 5289 caualata
656 5247 682 5287 et
700 5248 803 5290 somata
826 5234 925 5288 solidos
951 5251 987 5290 tx
1006 5246 1122 5290 astenses
1147 5246 1173 5288 et
1193 5251 1240 5304 pro
1259 5234 1328 5288 lasso
1352 5236 1450 5289 solidos
1474 5253 1513 5290 xx
1532 5248 1648 5292 astenses
1667 5250 1693 5291 et
1711 5238 1781 5307 quod
1800 5237 1834 5289 de
1853 5236 1974 5305 predictis
1996 5237 2111 5308 quelibet

520 5375 629 5428 persona
649 5362 729 5430 possit
748 5362 810 5414 inde
829 5361 963 5416 accussare
982 5363 1050 5415 etei
1069 5362 1219 5416 iuramento
1238 5363 1357 5416 credatur
1376 5375 1402 5416 et
1421 5363 1515 5417 habeat
1534 5364 1640 5416 tertiam
1659 5374 1761 5432 partem
1781 5364 1861 5416 banni
1879 5359 1906 5417 'et
1925 5364 2049 5418 dominus
2068 5380 2111 5433 po

519 5495 599 5537 testas
618 5485 701 5554 possit
719 5485 780 5538 inde
799 5486 929 5556 inquirere
948 5487 980 5539 ad
999 5503 1074 5539 suam
1093 5485 1270 5539 uoluntatem.
