4800 6698
894 273 896 276 ⁷
968 261 1263 375 LXXVIlH

136 701 207 785 329
328 596 437 760 DE
468 677 706 756 FOSSATO
736 678 818 755 [ΗΕ
846 676 1133 756 CANALETE.
1173 675 1240 781 (1)
1356 759 1367 768 ,

388 894 567 1095 Qun
596 1009 774 1070 statutum
804 1009 859 1069 est
887 990 989 1094 quod
1018 1007 1183 1094 potestas
1211 1008 1378 1069 teneatur
1419 991 1536 1069 lacere
1579 993 1696 1070 teneri
1733 1010 1917 1070 scutatum

331 1147 511 1228 lossatum
540 1175 647 1252 super
675 1149 775 1227 uiam
804 1146 967 1227 canalete
996 1145 1068 1226 illis
1084 1174 1243 1252 quorum
1273 1166 1358 1227 sunt
1385 1167 1480 1227 terre
1500 1147 1649 1228 cuilibet
1668 1149 1769 1228 iuxta
1798 1175 1916 1228 suam.

330 1334 350 1385 a
371 1306 512 1386 lossato
541 1305 720 1408 ayralium
739 1331 854 1409 usque
874 1305 919 1384 ad
934 1302 1095 1385 costam.
1116 1323 1296 1419 quantum
1315 1305 1435 1384 tendit
1454 1304 1646 1385 fossatum.
1666 1307 1712 1386 Et
1726 1324 1919 1386 teneantur

331 1490 473 1544 scurare
502 1465 617 1568 usque
646 1463 692 1543 ad
721 1461 856 1543 festum
884 1481 1120 1567 pentecostes
1147 1464 1215 1542 sub
1243 1489 1336 1567 pena
1374 1462 1582 1543 solidorum
1610 1490 1648 1545 111
1677 1465 1787 1544 curie.
1817 1463 1917 1568 quod

330 1620 510 1701 fossatum
540 1623 585 1700 sit
615 1620 759 1724 largum
788 1646 839 1701 1111
867 1619 1022 1725 pedibus
1063 1638 1099 1699 et
1140 1620 1256 1700 tribus
1288 1620 1524 1738 profundum.
1566 1621 1612 1700 Et
1653 1620 1919 1701 nichilominus
2010 1733 2014 1737 ἢ

329 1806 423 1884 pena
453 1778 573 1858 soluta
601 1795 768 1857 teneatur
797 1804 940 1858 scurare
969 1777 1110 1857 dictum
1147 1776 1328 1858 fossatum
1371 1778 1576 1858 secundum
1605 1779 1706 1883 quod
1735 1779 1920 1859 uidebitur

331 1937 560 2017 conueniens
588 1936 735 2015 duobus
763 1934 980 2015 hominibus
1007 1935 1053 2014 ad
1082 1934 1155 2015 hoc
1184 1935 1310 2016 electis
1337 1963 1401 2041 per
1419 1963 1471 2017 xv
1491 1927 1570 2016 dies
1597 1955 1683 2041 post
1708 1938 1920 2042 preconiza-

216 2128 221 2140 ·
328 2096 473 2175 tionem
504 2094 589 2177 inde
618 2093 763 2174 lactam.
793 2095 839 2173 Et
868 2093 1030 2198 quelibet
1057 2120 1214 2198 persona
1234 2111 1400 2174 teneatur
1420 2112 1544 2175 tenere
1564 2113 1749 2174 scutatum
1777 2096 1918 2175 dictum

166 2252 169 2256 ’
258 2274 261 2279 ·
329 2251 510 2332 fossatum
531 2272 566 2332 et
587 2255 709 2356 ipsum
727 2251 847 2331 taliter
866 2270 1107 2331 manutenere
1127 2252 1226 2331 iuxta
1246 2278 1352 2332 suam
1370 2254 1661 2357 possessionem.
1683 2271 1720 2332 et
1738 2273 1917 2358 quantum

329 2410 540 2490 extenditur
570 2437 634 2489 sua
662 2411 863 2515 possessio,
892 2409 994 2514 quod
1023 2436 1116 2513 aqua
1144 2408 1233 2489 dicti
1260 2408 1388 2489 fossati
1416 2437 1494 2489 non
1522 2411 1640 2515 possit
1677 2437 1820 2491 uersare
1843 2439 1916 2491 ‘nec

329 2570 430 2649 exire
452 2569 504 2673 *de
533 2568 634 2647 dicto
663 2566 804 2648 fossato
832 2569 869 2647 in
898 2567 1035 2647 dictam
1078 2567 1178 2646 uiam
1219 2566 1403 2673 publicam
1441 2567 1507 2647 sub
1536 2595 1630 2673 pena
1658 2567 1865 2668 solidorum
1893 2598 1917 2648 v

328 2753 396 2830 pro
425 2724 591 2830 quolibet
620 2744 655 2805 et
684 2723 845 2830 qualibet
867 2726 960 2806 uice.
987 2760 1018 2810 et
1041 2743 1126 2831 quod
1149 2743 1188 2809 de
1211 2742 1360 2832 predictis
1384 2744 1535 2811 dominus
1558 2761 1696 2833 potestas
1719 2746 1821 2834 possit
1844 2744 1918 2811 inde

274 2985 276 2990 ,
329 2903 490 2988 inquirere
515 2901 553 2967 ad
579 2924 669 2967 suam
693 2900 893 2969 uoluntatem
916 2919 947 2968 et
970 2919 1121 2968 teneatur.

134 3384 208 3461 330
325 3267 402 3432 D
408 3351 436 3429 E
464 3349 616 3446 AQUA
644 3349 753 3446 QUE
780 3341 1050 3431 UERSATUR
1077 3349 1145 3430 DE
1172 3348 1470 3432 CANALIBUS.

400 3581 426 3642 p.
444 3591 479 3633 p„

396 3653 426 3747 ἑ
442 3633 473 3752 ll
487 3700 566 3756 ren
585 3691 763 3754 statutum
784 3693 839 3754 est
853 3672 954 3778 quod
974 3691 1139 3778 potestas
1161 3691 1328 3752 teneatur
1347 3676 1463 3752 lacere
1483 3673 1567 3753 duci
1587 3675 1763 3753 continue
1782 3700 1916 3777 aquam

327 3860 398 3937 que
428 3851 593 3912 uersatur
621 3832 666 3912 de
695 3831 895 3911 canalibus·
911 3833 1011 3911 iuxta
1029 3858 1156 3910 rocam
1176 3831 1243 3937 (2)
1262 3829 1349 3910 uille
1370 3833 1595 3910 baennarum
1615 3849 1652 3909 et
1672 3832 1772 3910 iuxta
1790 3850 1915 3910 ortum

329 3993 581 4071 cortexiorum
609 4018 726 4095 usque
755 3991 800 4070 ad
829 3989 1010 4069 fossatum
1039 3989 1085 4068 de
1113 4014 1208 4093 pane
1237 3989 1274 4067 in
1303 4014 1407 4067 sen0.
1438 3988 1583 4067 Eodem
1611 3988 1730 4067 modo
1749 4007 1915 4068 teneatur

329 4148 405 4229 lace
434 4149 518 4229 duci
547 4177 778 4254 aquamque
806 4148 908 4228 uadit
936 4148 984 4229 de
1011 4149 1135 4227 subter
1162 4164 1319 4251 pontem
1347 4164 1452 4251 porte
1482 4147 1680 4251 superioris
1701 4173 1828 4226 uersus
1856 4174 1915 4225 cu·

329 4335 436 4387 zeam
466 4309 568 4387 iuxta
595 4335 721 4387 rocam
750 4305 837 4386 uille
865 4309 1102 4386 baennarurn.
1123 4331 1238 4409 usque
1267 4304 1313 4384 ed
1342 4306 1483 4384 exitum
1511 4306 1583 4384 orti
1611 4304 1738 4405 Jacobi
1768 4304 1914 4386 Ollerii.

329 4465 375 4544 Et
404 4467 464 4569 qui
495 4466 723 4544 strauariaret
751 4463 888 4544 dictam
917 4490 1050 4568 aquam
1079 4463 1200 4544 soluat
1229 4489 1296 4567 pro
1325 4489 1419 4567 pena
1447 4461 1591 4543 solidos
1610 4490 1648 4542 x.

136 4909 204 4986 331
324 4792 401 4957 D
408 4876 434 4953 E
462 4876 556 4956 UllS
585 4875 804 4955 PUBLICIS
831 4874 1140 4957 APERIENDIS.

386 5088 566 5292 ffireu
594 5216 772 5278 statutum
800 5220 856 5279 est
884 5200 986 5304 quod
1014 5220 1179 5305 potestas
1206 5219 1374 5282 teneatur
1394 5202 1511 5293 lacere
1530 5202 1661 5306 aperiri
1681 5220 1717 5281 et
1736 5202 1914 5283 disclaudi

329 5376 366 5436 et
393 5377 536 5461 apenas
563 5359 679 5437 teneri
708 5385 842 5438 omnes
870 5361 949 5439 uias
975 5359 1150 5464 publicas.
1180 5378 1217 5440 et
1245 5363 1344 5440 uiam
1372 5388 1443 5465 que
1481 5360 1582 5441 uadit
1609 5362 1655 5442 ad
1683 5381 1822 5443 tectum
1851 5365 1915 5442 ba·

329 5511 525 5594 nallorum.
554 5515 601 5594 Et
628 5518 688 5620 qui
719 5517 904 5597 clauderet
932 5518 1070 5598 dictam
1098 5518 1207 5597 uiam
1227 5517 1351 5598 soluat
1376 5546 1445 5623 pro
1473 5546 1568 5624 pena
1589 5519 1732 5601 solidos
1759 5548 1797 5602 111
1825 5548 1915 5625 quo·
