4800 6696
330 515 368 613 f·
463 571 528 618 xvr.
556 506 633 667 D}
657 580 722 624 non
747 558 857 625 dandis
882 557 1041 628 oxidibus.

328 759 367 858 f·
445 815 523 864 xvn.
558 751 634 911 Dp
659 803 793 870 emenda
817 826 973 890 equorum
997 807 1173 924 potestatis,

556 996 632 1155 DJ
656 1046 911 1114 ambaxatoribus
936 1048 1098 1116 mittendis
1121 1071 1180 1137 pro
1203 1051 1335 1115 comuni
1358 1067 1390 1116 et
1413 1071 1524 1116 eorum
1548 1049 1671 1162 salario.

328 1251 389 1349 fa
435 1227 523 1354 itvm.
560 1240 636 1401 De
661 1290 856 1364 soluentibus
873 1291 1000 1359 fodrum
1024 1295 1058 1359 in
1083 1293 1223 1360 baennis.

559 1483 697 1653 Quod
721 1555 860 1626 potestas
884 1560 950 1605 non
972 1540 1075 1627 possit
1098 1541 1244 1627 expensis
1267 1541 1414 1606 comunis
1437 1541 1565 1606 nuntios
1589 1541 1726 1607 mittere.

558 1732 633 1895 De
659 1785 780 1849 ratione
803 1783 876 1850 talie
900 1783 1044 1850 tenenda.

325 1990 362 2089 f·
455 2046 522 2094 xxr.
556 1976 632 2141 De
656 2029 810 2096 conscilio
834 2046 865 2095 et
888 2051 955 2095 non
978 2029 1177 2096 uenientibus
1200 2030 1239 2097 ad
1262 2030 1461 2098 conscilium.

556 2222 632 2382 De
655 2291 811 2362 potestate
835 2275 963 2342 uolente
985 2277 1032 2342 ire
1056 2293 1143 2342 extra
1166 2275 1285 2342 uillam.

555 2468 632 2632 De
656 2518 886 2588 ordinamentis
910 2523 977 2588 siue
1001 2523 1161 2610 conscilijs
1185 2522 1285 2590 factis.

322 2727 359 2825 f·
441 2783 517 2831 turn.
555 2713 631 2878 De
647 2765 793 2853 capitulis
817 2712 1033 2856 exemplendis
1057 2771 1207 2837 intarta.

554 2954 692 3128 Quod
718 3013 950 3078 constituentur
973 3011 1037 3079 duo
1056 3012 1173 3080 sindici
1196 3015 1353 3080 comunis.

317 3209 356 3307 f.
423 3173 515 3312 arur.
556 3202 631 3357 De
655 3256 789 3323 emenda
812 3279 880 3323 non
903 3257 1054 3325 facienda.

317 3453 354 3551 f·
410 3510 513 3558 xx1111.
553 3443 692 3620 Quod
715 3527 849 3592 granum
873 3503 912 3571 de
935 3503 997 3571 fine
1021 3504 1107 3592 lequi
1130 3503 1261 3571 ducatur
1283 3505 1315 3570 in
1339 3502 1479 3571 baennis.

316 3698 354 3796 f.
436 3755 513 3800 xxv.
554 3689 694 3864 Quod
717 3764 815 3809 nemo
838 3759 899 3809 stet
923 3743 956 3808 in
979 3740 1108 3808 taberna
1130 3759 1203 3829 post
1228 3739 1374 3860 nltimam
1398 3762 1593 3828 campanam.

316 3945 353 4043 f.
426 3978 528 4046 xxm(
554 3933 690 4110 Quod
716 3989 865 4054 homines
890 3985 1082 4054 baennamm
1106 3993 1145 4053 se'
1162 3988 1265 4052 iurare
1288 3984 1422 4053 debeant
1445 3985 1484 4052 ad
1508 3946 1659 4053 inuicem.

314 4189 351 4288 f·
376 4244 512 4291 xxxvto.
554 4182 631 4338 De
654 4234 761 4301 eundo
784 4233 822 4300 ad
846 4249 1053 4318 scarauaytas.

313 4435 350 4533 f.
446 4491 510 4537 κω.
552 4424 690 4601 Quod
715 4477 886 4545 familiares
909 4477 1074 4566 potestatis
1097 4498 1245 4544 accusare
1267 4497 1334 4542 non
1357 4478 1490 4564 possint.

310 4679 346 4777 f·
435 4733 510 4781 XLV·
551 4674 629 4830 De
654 4724 907 4835 possessionibus
931 4745 991 4813 que
1016 4721 1130 4790 debent
1153 4723 1312 4810 registrari
1336 4743 1396 4810 que
1419 4739 1492 4789 sunt
1515 4724 1593 4789 citra
1617 4739 1793 4810 tanagrum.

250 4983 251 4986 ¹
311 4925 348 5023 f.
423 4981 509 5028 xtvt.
552 4918 629 5073 De
653 4969 811 5037 solutione
835 4971 1044 5038 notariomm.

551 5165 627 5320 De
651 5217 776 5284 eodem.

551 5410 626 5568 De
650 5462 774 5529 eodem.
