1496 1873
333 508 371 534 316

431 241 541 261 constal-iarn
555 241 647 261 maiorem
668 248 721 262 secus
734 241 803 261 dictam
816 240 872 261 uiam
885 239 904 261 1‘11
918 242 1015 262 retitudine
1036 242 1105 263 domus
1125 242 1174 263 stalli
1188 243 1229 263 siue

431 281 467 301 oni
481 286 565 301 teneatur
578 280 663 301 claudere
677 286 695 301 et
709 286 772 301 tenere
786 280 868 301 clausam
883 280 962 301 domum
977 288 1029 302 suam
1043 281 1118 302 stallum
1132 287 1151 302 et
1164 287 1229 303 ortum

431 327 486 340 suum
500 320 523 340 de
537 327 602 340 uersus
615 320 684 340 dictam
698 320 748 341 viai-n
763 325 781 341 et
795 325 857 347 aptare
878 326 896 341 et
916 325 997 347 aptatam
1018 326 1138 342 manutenere
1158 321 1229 342 dictam

430 360 481 380 viam
495 360 514 380 in
528 360 627 380 retitudine
642 360 724 386 predicta
737 360 772 380 sub
785 367 833 387 pena
842 360 947 381 solidorum
957 367 969 380 x
978 367 1012 387 pro
1024 360 1108 387 quolibet
1117 366 1136 381 et
1144 361 1228 388 qualibet

430 399 477 419 uice.
492 404 510 419 et
524 404 607 425 potestas
620 399 680 426 possit
694 399 737 420 inde
752 400 849 426 inquirere.
968 391 971 394 '

428 485 484 527 DE
497 504 614 526 STIMUIJS
627 505 687 527 NON
700 505 829 528 TEN'EN'DIS
842 506 876 527 DE
889 506 985 528 UERSUS
1004 507 1071 528 VIAM
1084 507 1221 530 PUBLICAM.

454 559 550 611 Qum
564 588 654 604 statutum
668 588 696 604 est
709 583 761 610 quod
775 583 856 610 quelibet
876 584 936 604 homo
954 583 978 604 de
992 583 1069 604 baennis
1082 584 1114 610 qui
1127 584 1183 604 habet
1196 583 1228 604 uel

430 623 514 643 habuerit
527 623 608 649 aliquam
625 629 694 649 sepem.
708 629 744 649 que
758 623 824 643 habeat
840 622 928 643 stimulos
941 623 965 643 de
979 629 1043 643 uersus
1063 623 1113 643 uiam
1134 623 1227 650 publicam

430 662 450 683 in
463 662 507 683 villa
521 663 640 683 baennarum.
655 669 687 683 seu
701 663 721 683 in
734 662 827 689 ayralibus
846 669 915 689 pascuy
935 667 1019 683 teneatur
1039 669 1110 689 ponere
1130 668 1149 683 et
1162 667 1227 684 tenere

430 702 518 722 stimulos
531 702 555 723 de
568 709 633 723 uersus
647 709 700 722 suam
713 702 854 729 possessionem
863 702 903 722 siue
912 702 992 722 domum
1002 707 1020 722 et
1029 709 1069 723 non
1078 702 1167 723 deuersus
1175 703 1227 723 uiam

430 741 523 768 publicam
537 743 570 762 sub
584 748 631 768 pena
645 741 750 762 solidorum
763 749 788 762 111.
803 742 827 762 Et
840 746 924 768 pooestas
937 741 996 768 possit
1010 741 1054 762 inde
1068 741 1166 768 inquirere.
