4800 6696
1219 258 1414 364 XXXI.

521 550 567 629 ad
591 551 735 654 pintam
762 547 823 628 uel
851 575 1065 628 mensuram
1092 550 1205 654 partis
1232 549 1346 654 pinte.
1376 568 1412 628 et
1439 549 1510 628 nisi
1539 550 1617 653 ipsa
1635 549 1737 653 pinta
1758 568 1794 627 et
1813 575 1985 629 mensure
2004 550 2119 653 partis

521 706 622 810 pinte
651 705 785 787 luerint
813 707 859 786 de
888 707 1020 787 uitre0.
1049 706 1110 786 uel
1138 707 1184 787 de
1212 726 1318 787 terra.
1348 726 1384 787 et
1412 707 1504 787 tales
1544 706 1645 812 quod
1687 725 1919 786 mensuretur
1947 707 1992 786 ad
2020 708 2118 812 ipsas

521 862 566 942 ad
595 890 719 943 rasum
747 863 815 970 (1)
844 883 880 943 et
908 892 985 944 non
1014 863 1119 944 aliter
1147 884 1184 945 et
1212 864 1374 970 quelibet
1400 892 1559 970 persona
1586 892 1659 970 que
1687 884 1815 946 contra
1844 863 1969 944 lecerit
1997 864 2118 946 soluat

520 1046 587 1123 pro
615 1047 710 1124 pena
736 1049 806 1126 pro
834 1020 996 1126 qualibet
1028 1024 1109 1109 uice
1138 1008 1282 1103 solidos
1308 1050 1347 1103 111
1367 1042 1411 1103 'et
1448 1041 1643 1104 teneantur
1679 1022 1895 1103 uenditores
1923 1022 2010 1102 dicti
2039 1023 2118 1101 uini

521 1205 733 1258 mensurare
761 1179 878 1259 dictas
906 1181 1027 1284 pintas
1046 1199 1082 1260 et
1101 1200 1222 1285 partes
1241 1182 1343 1286 pinte
1362 1183 1399 1260 in
1419 1181 1602 1286 presentia
1621 1200 1657 1260 et
1676 1207 1739 1286 pre
1768 1181 1887 1260 oculis
1915 1180 2117 1260 bibitorum

522 1354 558 1415 et
587 1355 800 1441 emptorum
828 1338 943 1441 ipsius
972 1338 1051 1419 uini
1079 1339 1146 1418 sub
1176 1339 1306 1419 eadem
1334 1366 1428 1443 pena
1455 1366 1524 1444 pro
1552 1338 1714 1444 qualibet
1754 1366 1911 1443 persona
1943 1338 2117 1419 contras·

520 1494 640 1574 ciente
669 1513 706 1574 et
734 1494 897 1599 qualibet
924 1497 1017 1576 uice.
1048 1497 1095 1575 Et
1122 1496 1286 1601 quelibet
1326 1524 1485 1602 persona
1525 1497 1644 1601 possit
1677 1496 1763 1575 inde
1792 1523 1961 1577 accusare
1990 1517 2118 1576 contra

520 1651 716 1732 facientem
745 1671 781 1732 et
811 1654 845 1731 ei
873 1653 1041 1732 credatur
1068 1655 1290 1733 iuramento.
1319 1672 1357 1733 et
1383 1653 1516 1733 babeat
1543 1654 1690 1733 tertiam
1717 1643 1859 1757 partem
1887 1653 2011 1733 banni.

325 2151 393 2228 143
510 2048 622 2215 DE
650 2130 935 2212 CAMPARHS.
965 2125 1033 2232 (a)

574 2349 668 2550 ΞΕ
678 2469 755 2522 rau
784 2460 963 2522 statutum
978 2459 1034 2522 est
1053 2442 1154 2546 quod
1174 2441 1306 2546 aliquis
1325 2443 1529 2546 camparius
1548 2469 1626 2520 non
1651 2441 1783 2521 debeat
1803 2443 1936 2521 intrare
1957 2440 2118 2546 aliquam

517 2602 710 2679 tabernam
738 2627 847 2680 causa
873 2599 1036 2680 bibendi.
1066 2628 1134 2680 nec
1162 2600 1398 2680 comedendi.
1419 2628 1487 2679 nec
1515 2602 1554 2679 in
1582 2599 1708 2705 aliquo
1732 2599 1818 2680 loco
1847 2601 1909 2680 ubi
1939 2600 2120 2680 uendatur

462 2867 468 2877 ⁸
518 2760 648 2868 uinum
676 2758 722 2837 ad
751 2760 939 2837 minutum
967 2759 1086 2863 possit
1123 2757 1247 2838 bibere
1280 2757 1339 2837 uel
1375 2757 1584 2838 comedere.
1614 2758 1681 2838 sub
1713 2785 1808 2863 pena
1844 2757 2052 2837 solidorum
2080 2785 2117 2838 u.

516 2916 777 3021 proqualibet
804 2918 886 2998 uice
904 2937 952 2996 'et
980 2944 1048 3021 pro
1078 2914 1245 3022 quolibet
1273 2918 1460 3021 campario
1488 2917 1641 3021 quocies
1660 2915 1930 2996 contrafecerit.
1959 2917 2005 2995 Et
2034 2943 2120 3021 que·

420 3159 422 3164 ,
517 3072 608 3153 libet
635 3096 799 3179 persona*
812 3075 931 3179 possit
959 3074 1047 3155 inde
1065 3101 1248 3155 accusare.
1278 3093 1315 3153 et
1344 3076 1377 3153 ei
1406 3076 1616 3155 iuramento
1635 3073 1803 3154 credatur
1832 3074 1863 3153 si
1890 3073 1998 3153 l'uerit
2019 3076 2118 3154 bone

517 3229 627 3312 farne.
657 3233 704 3313 Et
730 3251 898 3337 potestas
930 3251 1098 3313 teneatur
1131 3221 1248 3311 facere
1277 3233 1392 3312 iurare
1426 3233 1628 3337 quemlibet
1670 3234 1896 3338 camparium
1928 3232 2120 3312 attendere

518 3408 554 3469 et
583 3390 779 3470 obseruare
807 3391 983 3495 predicta.

323 3891 397 3966 144
510 3784 623 3951 DE
649 3866 943 3974 INClDENDlS
969 3867 1260 3951 ARBORIBUS
1286 3867 1596 3951 DOMESTICIS
1631 3869 1790 3951 SUPER
1817 3868 2040 3952 COMUNI.

629 4149 752 4273 laren
772 4168 968 4265 ‘statutum
997 4184 1182 4287 estquod
1217 4182 1317 4263 nulla
1357 4209 1515 4288 persona
1555 4186 1676 4289 possit
1702 4185 1762 4266 uel
1791 4184 1923 4266 debeat
1952 4186 2113 4267 incidere

515 4340 575 4418 uel
605 4366 769 4420 scaruare
797 4339 958 4445 aliquam
993 4341 1164 4421 arborem
1192 4342 1260 4446 piri
1287 4340 1348 4420 uel
1365 4340 1499 4444 meyle
1533 4362 1703 4424 castanee
1743 4346 1850 4423 sorbe
1883 4343 1988 4423 nucis
2022 4343 2121 4424 ficus⁴

514 4498 647 4602 persici
674 4497 807 4579 alicubi
837 4500 875 4577 in
903 4498 977 4579 fine
1007 4502 1233 4579 baennarum
1261 4498 1359 4605 lequi
1389 4518 1424 4578 et
1452 4518 1696 4606 costemagne
1725 4527 1832 4606 super
1860 4502 2012 4580 comuni
2047 4502 2113 4582 sub

514 4686 608 4762 pena
641 4660 849 4741 solidorum
878 4684 916 4738 111
944 4659 1042 4737 curie
1071 4677 1107 4737 et
1134 4657 1296 4752 totidem
1328 4685 1396 4762 pro
1434 4658 1591 4738 emenda
1632 4660 1797 4739 comuni.
1839 4687 1907 4764 pro
1950 4659 2113 4764 qualibet

502 4844 673 4922 ‘persona
701 4837 737 4898 et
765 4816 927 4924 qualibet
955 4818 1049 4896 uice.
1080 4835 1117 4895 et
1144 4815 1305 4921 quelibet
1333 4843 1490 4921 persona
1532 4819 1651 4922 possit
1686 4818 1774 4897 inde
1803 4792 1984 4898 accusare.
2015 4838 2051 4899 et
2079 4811 2130 4898 ei

514 4975 682 5055 credatur
709 4995 745 5056 et
773 4977 905 5056 habeat
933 4976 1080 5055 tertiam
1108 4993 1249 5079 partem
1279 4976 1401 5054 banni.
1431 4975 1478 5054 Et
1505 4975 1607 5081 quod
1648 4995 1813 5080 potestas
1846 4978 1963 5081 possit
1997 4978 2113 5081 inqui·

513 5160 591 5213 rere
619 5134 666 5214 de
694 5134 887 5215 arboribus
915 5133 1146 5213 domesticis.
