4800 6696
140 656 143 665 κ
264 559 273 667 s
364 630 437 729 346
521 533 664 697 Du
693 585 930 695 PERSONA
957 612 1184 693 unssnuu
1213 613 1412 696 sunnin
1438 614 1581 696 nunt
1609 615 1755 697 cunni
1788 619 1855 725 (4)
1879 617 2052 714 usone
2075 618 2150 698 no

711 771 926 852 Pontus.

621 985 795 1189 Qun
823 1116 1001 1175 statutum
1030 1117 1085 1175 est
1109 1095 1209 1199 quod
1239 1094 1399 1198 quelibet
1437 1122 1593 1198 persona
1622 1094 1761 1173 habens
1789 1113 1903 1173 terras
1930 1123 1950 1172 a
1979 1097 2038 1173 uia
2057 1096 2147 1174 cerri

556 1283 672 1361 usque
700 1255 747 1334 ad
775 1275 900 1359 portas
928 1275 1050 1358 ruptas
1078 1253 1169 1332 ultra
1199 1271 1360 1332 stratam.
1389 1271 1555 1333 teneatur
1585 1271 1622 1331 et
1649 1253 1781 1333 debeat
1800 1251 1916 1332 lacere
1936 1280 2052 1332 unum
2072 1252 2149 1334 los-

560 1433 681 1494 satum
713 1413 856 1514 largum
886 1430 981 1491 111101.
1013 1432 1047 1490 et
1076 1411 1191 1490 tribus
1232 1412 1387 1515 pedibus
1428 1409 1663 1514 profundum.
1708 1413 1802 1489 inter
1844 1437 1883 1488 se
1925 1430 1961 1488 et
1989 1437 2150 1490 comune
2279 1501 2280 1504 Ἴ

560 1588 683 1650 strate.
714 1572 766 1648 lta
795 1571 895 1673 quod
924 1568 1029 1648 faciat
1059 1596 1164 1674 super
1194 1596 1301 1647 suurn
1323 1587 1359 1646 et
1379 1595 1456 1647 non
1481 1595 1586 1671 super
1614 1595 1787 1647 comune.
1819 1569 2035 1672 proiciendo
2056 1569 2150 1648 sicut

562 1728 721 1807 uoluerit
750 1748 882 1807 terrani
912 1748 1090 1832 quantum
1120 1747 1221 1805 tenet
1251 1754 1313 1804 sua
1342 1727 1542 1830 possessio.
1572 1725 1673 1830 quod
1702 1715 1882 1829 lossatuni
1911 1726 2149 1844 debeat‘fieri

477 1935 480 1940 ·
561 1906 600 1965 ut
629 1886 834 1990 predictum
865 1906 931 1966 est.
960 1886 1149 1989 usquead
1178 1886 1391 1989 proximum
1420 1883 1552 1962 lesturn
1582 1902 1808 1987 pentecoste.
1840 1886 1885 1962 Et
1914 1885 1974 1988 qui
2008 1885 2149 1964 dictum

559 2043 740 2122 fossatum
783 2071 860 2122 non
898 2042 1022 2123 lecerit
1050 2043 1094 2122 ad
1124 2042 1265 2121 dictum
1306 2043 1506 2121 terminum
1535 2061 1575 2120 ut
1602 2041 1808 2145 predictum
1837 2062 1893 2120 est
1921 2042 2041 2121 soluat
2082 2070 2150 2147 pro

556 2231 650 2308 pena
680 2223 715 2283 et
743 2204 866 2282 banno
897 2200 1039 2282 solidos
1067 2231 1113 2282 ru.
1143 2202 1210 2308 (5)
1231 2203 1275 2280 Et
1296 2201 1560 2280 nichilominus
1578 2220 1745 2281 teneatur
1773 2201 1889 2281 facete
1910 2202 2050 2281 dictum
2071 2201 2148 2281 los-

561 2381 686 2443 satum-
715 2362 781 2441 sub
810 2361 940 2440 eadem
970 2389 1075 2464 pena.
1096 2362 1142 2439 Et
1161 2359 1292 2438 debeat
1320 2378 1558 2455 manutenere
1586 2359 1727 2437 dictum
1747 2359 1925 2438 fossatum
1946 2377 1986 2436 ut
2009 2360 2150 2438 dictum

561 2540 616 2600 est
647 2520 713 2599 sub
742 2520 873 2598 eadem
901 2546 1007 2623 pena.
1036 2521 1082 2597 Et
1109 2519 1210 2622 quod
1239 2537 1403 2623 potestas
1430 2536 1596 2598 teneatur
1623 2519 1830 2598 recerchare
1851 2520 2023 2596 cornunia
2044 2538 2080 2596 et
2099 2520 2150 2597 in-

558 2679 712 2782 quirere.
744 2676 917 2756 uidelicet
946 2678 1040 2755 inter
1069 2704 1107 2755 se
1136 2696 1172 2755 et
1189 2695 1320 2755 sortes
1352 2661 1499 2755 liuratas
1526 2703 1589 2780 per
1617 2703 1788 2755 comune.

556 3052 665 3216 DE
693 3134 811 3215 NON
840 3135 1102 3216 FACIENDO
1130 3136 1335 3217 RlANAM
1363 3138 1461 3217 UEL
1489 3137 1775 3218 FOSSATUM.
1886 3146 1890 3152 ’

530 3555 531 3558 ,
576 3429 577 3433 ¹
618 3350 795 3551 Quin
833 3485 1011 3545 statutum
1041 3486 1096 3545 est
1124 3467 1224 3571 quod
1253 3465 1373 3570 aliqua
1401 3492 1557 3570 persona
1594 3492 1672 3544 non
1699 3469 1816 3570 possit
1844 3464 1960 3547 facere
1989 3467 2149 3571 aliquant
2197 3440 2200 3451 ’

540 3626 697 3741 ,ῐίαηαῑῃ
728 3624 786 3704 uel
815 3624 1008 3704 fossatum.
1037 3623 1096 3703 uel
1125 3650 1258 3729 aquam
1301 3623 1433 3703 ducere
1474 3651 1538 3729 per
1579 3643 1829 3704 transuersum
1856 3627 1956 3705 uiam
1986 3625 2149 3706 bealisa

558 3783 695 3887 brayda
724 3755 959 3862 sacerdotum
989 3810 1103 3886 usque
1131 3783 1176 3861 ad
1206 3783 1304 3862 uiam
1334 3783 1571 3862 marencham
1591 3782 1657 3861 sub
1676 3810 1769 3887 pena
1794 3784 2000 3863 solidorum
2026 3812 2170 3890 111pr0¹

557 3941 721 4047 qualibet
749 3961 785 4020 et
814 3939 975 4045 qualibet
1002 3941 1097 4019 uice.
1127 3942 1172 4022 Et
1201 3939 1363 4044 quelibet
1391 3968 1547 4044 persona
1575 3942 1693 4044 possit
1720 3940 1766 4020 de
1794 3943 1967 4045 predictis
2003 3961 2150 4022 contra-

558 4075 734 4180 facientes
762 4126 942 4178 accusare.
964 4119 1000 4178 et
1020 4099 1053 4177 ei
1073 4100 1281 4178 iuramento
1300 4098 1466 4178 credatur
1486 4116 1522 4177 et
1541 4097 1672 4178 habeat
1691 4102 1836 4179 tertiani
1865 4121 2004 4203 partem
2027 4103 2147 4182 banni.

558 4257 607 4337 Et
635 4249 801 4361 potestas
829 4258 946 4361 possit
975 4256 1061 4335 inde
1090 4257 1283 4361 inquirere.

363 4701 380 4780 3
386 4678 436 4776 48
552 4577 863 4784 QJALITER
899 4659 1050 4755 AQUA
1091 4660 1502 4743 GRONDANARUM
1543 4663 1609 4742 ET
1651 4663 1938 4744 SEDIMINUM
1971 4665 2137 4745 DEBET

590 4870 592 4874 »
708 4818 980 4900 DISCOLARI
1007 4818 1074 4898 ET
1102 4819 1229 4898 LABl.
1833 4811 1836 4817 ’
2104 4811 2106 4814 ’

616 5036 798 5240 QUEM
826 5171 1004 5234 statutum
1034 5170 1089 5232 est
1117 5153 1218 5257 quod
1248 5152 1409 5260 quelibet
1435 5182 1593 5259 persona
1632 5157 1820 5260 permittat
1862 5178 1899 5236 et
1938 5161 2150 5262 permittere

559 5311 691 5392 debeat
719 5312 789 5392 labi
819 5331 856 5392 et
884 5294 1057 5392 discolori
1086 5339 1219 5416 aquarn
1257 5312 1532 5417 grondenarum
1561 5335 1598 5395 et
1626 5315 1862 5396 sediminum.
1893 5338 1929 5398 et
1958 5317 2150 5399 hedificio·

556 5496 640 5550 rum
669 5471 840 5576 expedite
870 5498 933 5576 per
962 5471 1043 5551 loca
1072 5498 1143 5576 que
1172 5471 1282 5552 solita
1312 5490 1397 5552 sunt
1425 5472 1496 5552 labi
1526 5493 1563 5554 et
1589 5474 1773 5556 discolori.
1817 5497 1853 5556 et
1895 5504 2051 5581 persona
2078 5505 2150 5582 que
