4800 6698
1045 275 1225 378 XXIII

345 598 413 677 pro
442 570 619 674 quolibet.
649 570 695 648 Et
723 570 754 648 si
780 597 845 674 per
871 588 1097 674 potestatem
1125 567 1185 647 uel
1220 569 1299 647 eius
1327 566 1648 647 locumtenentem
1682 567 1942 672 procederetur

346 729 472 833 aliquo
500 729 619 808 modo
648 747 776 807 contra
805 728 966 832 aliquam
994 755 1192 832 personam
1219 728 1280 806 uel
1308 725 1448 830 aliquas
1490 745 1619 805 contra
1659 724 1820 804 formam
1849 726 1942 831 capi·

347 887 512 966 tulorum
539 886 600 966 uel
629 886 976 965 ordinamentorum
1004 885 1232 965 baennarum
1260 903 1454 964 teneantur
1481 884 1569 963 dicti
1607 883 1739 964 sindici
1768 885 1941 988 expensis

347 1046 519 1125 comunis
546 1045 758 1124 deffendere
788 1044 873 1123 inde
903 1044 1040 1123 dictam
1060 1070 1258 1148 personam
1288 1063 1324 1122 et
1352 1069 1541 1147 personas,
1561 1044 1608 1122 Et
1627 1042 1728 1147 quod
1750 1043 1839 1122 dicti
1865 1044 1942 1122 sin-

345 1203 419 1282 dici
448 1222 642 1282 teneantur
670 1202 821 1282 uinculo
851 1203 1045 1281 iuramenti
1074 1203 1365 1307 quotiescunque
1394 1203 1628 1306 propositum
1658 1220 1761 1280 esset
1783 1203 1821 1280 in
1849 1228 1942 1281 con·

347 1361 452 1440 scilio
472 1360 572 1464 quod
588 1360 725 1465 aliquid
746 1361 791 1439 de
807 1366 959 1440 comuni
974 1359 1081 1439 detur
1098 1359 1159 1439 uel
1178 1379 1358 1463 prestetur
1377 1358 1502 1463 aliquo
1523 1358 1641 1438 modo
1656 1358 1763 1437 alicui
1783 1386 1941 1463 persone

345 1545 522 1622 arengare
542 1539 670 1598 contra
689 1519 831 1597 dictum
850 1521 1086 1623 propositum
1106 1545 1170 1597 seu
1190 1537 1318 1597 contra
1337 1519 1559 1622 petitionem
1578 1516 1639 1596 uel
1659 1517 1942 1622 requisitionem

345 1675 479 1755 factam
508 1678 545 1755 in
574 1676 755 1756 conscilio
784 1677 814 1756 si
842 1678 915 1756 hoc
944 1696 1041 1756 esset
1070 1677 1107 1755 in
1135 1675 1260 1780 aliquo
1290 1676 1493 1780 preiudicio
1523 1676 1707 1756 comunis.
1728 1676 1795 1784 (Ι)

345 2020 457 2187 Du
485 2102 702 2185 euenor
730 2103 850 2185 non
876 2101 1136 2183 Fleuum
1162 2100 1441 2184 urrunnun
1469 2099 1714 2208 persone
1746 2099 1816 2208 (2)

417 2382 419 2388 ,
470 2331 495 2387 a„

416 2344 586 2506 llum
614 2435 792 2497 statutum
821 2414 1006 2519 estquod
1036 2441 1114 2494 non
1142 2413 1206 2493 fiat
1234 2442 1302 2493 nec
1330 2415 1408 2494 fieri
1437 2416 1555 2518 possit
1583 2414 1703 2520 aliqua
1732 2415 1888 2494 emenda
1920 2444 1943 2494 a
2074 2465 2076 2469 2

347 2578 500 2657 comuni
528 2576 756 2656 baennarum
787 2573 894 2653 alicui
922 2601 1080 2679 persone
1123 2599 1193 2676 que
1235 2598 1314 2652 non
1356 2574 1477 2654 soluat
1504 2573 1654 2654 fodrum
1683 2594 1719 2655 et
1747 2575 1873 2654 taliam
1902 2575 1941 2653 in

348 2736 511 2816 baennis.
542 2752 579 2814 et
606 2762 677 2839 que
705 2761 784 2815 non
811 2734 991 2813 habitaret
1018 2732 1158 2812 ibidem
1187 2733 1362 2812 continue
1387 2760 1472 2811 cum
1490 2731 1629 2811 familia
1658 2752 1694 2812 et
1722 2751 1850 2811 catena
1877 2732 1940 2812 ali-

348 2895 451 2974 cuius
479 2893 630 2998 dampni
659 2894 736 2972 siue
765 2893 859 2972 uasti
888 2893 921 2971 ei
951 2890 1034 2971 lacti
1063 2892 1102 2971 in
1129 2894 1238 2970 rebus
1266 2892 1341 2970 suis
1369 2891 1407 2970 in
1435 2891 1602 2970 districtu
1626 2891 1853 2971 baennarum
1880 2891 1940 2972 uel

347 3053 445 3133 alibi.
484 3052 556 3132 Sed
595 3053 633 3131 in
670 3052 743 3132 isto
780 3077 865 3130 casu
908 3070 944 3130 et
982 3049 1164 3130 similibus
1205 3030 1360 3154 peisona
1407 3049 1623 3129 huiusmodi
1666 3077 1732 3153 pro
1771 3070 1942 3129 extranea

349 3212 536 3291 habeatur.

347 3545 458 3712 DE
486 3625 760 3707 CLAUSULIS
789 3626 936 3707 UILLE
963 3626 1353 3707 CUSTODIENDIS.
1373 3631 1440 3740 (3)

410 3840 585 4044 &aare
614 3967 793 4033 statutum
823 3947 1007 4053 estquod
1038 3948 1201 4054 quelibet
1227 3975 1385 4053 persona
1415 3950 1555 4031 babens
1582 3948 1743 4053 aliquam
1772 3950 1942 4032 domum.

350 4127 387 4188 et
414 4136 485 4215 que
505 4107 726 4188 infuturum
753 4108 932 4187 habuerit.
952 4106 1012 4186 uel
1031 4105 1120 4185 alias
1139 4107 1396 4212 possessiones
1415 4109 1516 4188 iuxta
1536 4127 1658 4213 stepas
1685 4108 1753 4216 (4)
1781 4109 1943 4190 clausule

333 4268 438 4353 ,uille
466 4266 705 4347 baennarum.
734 4284 903 4346 teneatur
930 4265 1028 4370 ipsas
1056 4283 1177 4370 stepas
1218 4266 1405 4346 custodire
1443 4285 1480 4347 et
1516 4266 1656 4348 saluare
1684 4286 1864 4372 quantum
1892 4287 1944 4349 te-

351 4425 453 4506 nebit
481 4425 541 4505 uel
569 4424 789 4531 procedetur
816 4396 914 4505 dicta
942 4450 1006 4504 sua
1033 4425 1234 4529 possessio
1277 4424 1363 4504 Tali
1400 4425 1519 4506 modo
1547 4425 1649 4530 quod
1678 4428 1709 4505 si
1735 4425 1856 4531 aliqua
1884 4426 1945 4506 uel

351 4584 471 4689 alique
501 4611 545 4663 ex
573 4584 682 4664 dictis
710 4585 822 4689 stepis
850 4602 954 4690 capta
972 4583 1031 4663 uel
1056 4602 1159 4689 capte
1178 4582 1311 4664 fuerint
1330 4584 1481 4665 ibidem.
1501 4584 1634 4665 debeat
1661 4585 1759 4665 dicta
1786 4613 1945 4692 persona

351 4743 455 4821 cuius
482 4741 590 4821 luedt
618 4743 807 4846 possessio
835 4744 1042 4847 proximior
1060 4741 1146 4823 loco
1165 4741 1228 4822 ubi
1247 4761 1351 4847 capte
1379 4741 1524 4823 fiterint.
1549 4769 1718 4824 accusare
1746 4771 1944 4849 personam

351 4925 423 5002 que
453 4899 592 4979 dictam
621 4918 764 5004 stepam
793 4897 853 4978 uel
882 4916 1003 5004 stepas
1022 4901 1158 5006 ceperit
1171 4901 1348 5005 potestati
1366 4901 1604 4981 baennarum.
1625 4899 1791 5006 alioquin
1820 4928 1944 4982 emen-

353 5057 439 5137 dare
467 5057 585 5137 dictas
613 5076 735 5163 stepas
761 5057 821 5137 uel
851 5076 993 5162 stepam
1021 5057 1182 5138 ablatam
1208 5058 1269 5138 uel
1297 5058 1436 5139 ablatas
1464 5058 1510 5139 de
1539 5060 1615 5140 suis
1632 5061 1789 5165 propriis
1817 5062 1942 5166 stepis.

353 5233 389 5294 et
416 5233 539 5321 aptare
567 5243 630 5296 eas
657 5216 696 5295 in
724 5215 811 5295 loco
839 5213 901 5295 ubi
930 5234 1034 5321 capte
1062 5214 1207 5296 luerint.
1238 5219 1305 5297 sub
1338 5244 1432 5322 pena
1465 5216 1673 5297 solidorum
1700 5245 1726 5298 11
1753 5245 1821 5323 pro
1854 5246 1945 5324 qua·

352 5372 443 5454 libet
470 5401 628 5479 persona
664 5373 948 5456 contrafaciente
977 5393 1014 5454 et
1041 5374 1203 5480 qualibet
1237 5376 1330 5455 uice.
1359 5377 1405 5456 Et
1434 5375 1596 5480 quelibet
1632 5403 1791 5482 persona
1827 5378 1945 5482 possit

352 5554 520 5613 accusare
541 5534 865 5614 contralacientem
885 5552 922 5613 et
942 5534 975 5613 ei
994 5532 1161 5613 credatur
1179 5513 1400 5614 iuramento.
1421 5553 1460 5614 et
1475 5535 1608 5616 babeat
1634 5535 1782 5615 tertiam
1801 5554 1943 5641 partem
