4800 6696
392 610 420 653 et
437 598 628 653 nichilominus
647 614 714 668 pena
732 598 819 662 soluta
836 599 879 651 vel
897 614 953 651 non
972 608 1111 651 teneantur
1130 596 1199 651 dicte
1217 609 1304 667 partes
1322 576 1462 652 obsemare
1481 598 1597 668 predicta
1615 599 1664 652 sub
1681 598 1776 653 eadem
1795 614 1871 668 pena.
1883 610 1912 653 et
1926 614 1987 669 per·-

384 694 460 777 ¹sona
478 738 530 792 que
548 721 720 776 recussauerit
739 721 783 775 uel
799 732 959 776 recussasset
977 737 1005 775 se
1023 720 1239 790 compromittere
1257 721 1286 773 in
1304 720 1381 774 dictis
1399 721 1560 791 sapientibus
1572 732 1601 775 ut
1613 721 1760 791 predictum
1779 733 1820 776 est
1837 733 1866 802 et
1882 722 1984 776 steterit

393 863 439 917 per
457 858 510 900 tres
528 845 585 900 dies
603 845 672 899 vltra
691 845 724 899 ad
743 823 771 899 se
790 845 1062 915 compromittentium
1080 844 1123 899 vel
1142 856 1294 915 presentare
1312 846 1483 899 obseruatura
1495 845 1611 915 predicta
1623 863 1714 900 coram
1726 845 1837 900 domino
1856 857 1986 916 potestate

394 980 534 1039 postquam
551 968 614 1023 inde
631 968 769 1040 requisitio
783 967 851 1022 facta
863 980 932 1023 esset
950 969 1066 1022 incurrat
1083 984 1181 1037 penam
1194 968 1320 1021 librarum
1331 968 1425 1023 decem
1437 969 1592 1024 astensium.
1606 969 1640 1022 Et
1651 970 1767 1041 quelibet
1779 986 1892 1040 persona
1904 934 1987 1041 possit

392 1093 457 1147 inde
475 1090 695 1147 contrafacientes
714 1108 851 1146 accussare
870 1103 896 1145 et
909 1091 933 1145 ei
944 1092 1094 1145 iuramento
1112 1091 1233 1145 credatur
1251 1103 1277 1145 et
1295 1091 1390 1146 habeat
1408 1092 1514 1147 tertiam
1533 1104 1635 1162 partem
1654 1094 1736 1146 banni
1753 1104 1780 1147 et
1799 1093 1923 1147 dominus
1943 1110 1986 1163 po

393 1226 474 1269 testas
492 1215 537 1286 qui
555 1231 626 1268 nunc
643 1227 683 1268 est
702 1214 744 1268 vel
763 1215 808 1284 qui
827 1231 874 1283 pro
891 1226 1012 1285 tempore
1031 1214 1108 1269 fuerit
1127 1215 1209 1285 possit
1226 1214 1288 1268 inde
1315 1214 1453 1286 inquirere.
1474 1215 1507 1269 Et
1525 1215 1595 1287 quod
1614 1232 1629 1269 a
1647 1215 1764 1285 predicta
1791 1216 1924 1270 sententia
1942 1216 1986 1270 vel

394 1339 532 1393 sententiis
551 1338 611 1392 latis
628 1355 706 1409 super
724 1339 800 1393 dictis
818 1339 1001 1420 questionibus
1020 1339 1107 1409 aliqua
1126 1355 1185 1409 pars
1203 1315 1321 1409 ipsarum
1334 1354 1388 1392 non
1402 1338 1483 1409 possit
1495 1338 1628 1409 appellare
1640 1339 1729 1409 aliquo
1742 1340 1823 1394 modo
1835 1356 1881 1393 seu
1900 1339 1986 1409 ipsam

394 1461 557 1517 sententiam
574 1479 706 1516 reuocare.
726 1462 759 1515 Et
777 1463 847 1533 quod
866 1463 929 1517 dicti
947 1463 1080 1533 sapientes
1098 1462 1214 1515 habeant
1232 1478 1280 1533 pro
1298 1461 1415 1532 qualibet
1432 1461 1564 1516 sententia
1577 1478 1659 1533 quam
1671 1460 1806 1516 finiuerint
1817 1479 1833 1515 a
1845 1462 1937 1517 solidis
1949 1478 1985 1517 Lx

394 1571 462 1638 infra
480 1584 580 1638 solidos
598 1600 629 1640 111
647 1595 674 1638 et
692 1584 725 1638 ab
743 1584 804 1638 iude
823 1600 900 1655 supra
929 1600 976 1654 pro
1003 1583 1120 1655 qualibet
1146 1584 1212 1638 libra
1240 1596 1267 1638 et
1293 1583 1410 1655 qualibet
1428 1584 1560 1638 sententia
1579 1600 1625 1654 per
1643 1583 1774 1654 predictos
1792 1583 1836 1638 vel
1855 1585 1985 1668 maiorem

396 1719 499 1778 partem
517 1709 634 1778 ipsorum
652 1708 774 1761 denarios
793 1719 924 1778 quattuor.
945 1707 979 1761 Et
996 1719 1117 1763 teneatur
1136 1724 1248 1778 persona
1261 1725 1311 1778 que
1324 1707 1458 1761 amitteret
1476 1707 1575 1760 dictam
1593 1708 1755 1762 sententiam
1773 1707 1878 1762 soluere
1896 1707 1987 1761 incon-
2101 1739 2105 1744 -

395 1831 491 1885 tinenti
511 1832 612 1885 dictum
630 1830 756 1885 salarium
775 1831 851 1885 dictis
869 1830 1040 1902 sapientibus.
1060 1832 1127 1885 Item
1146 1842 1286 1903 postquam
1305 1830 1408 1901 questio
1426 1831 1531 1900 incepta
1545 1829 1621 1884 suerit
1634 1847 1724 1885 coram
1737 1831 1813 1884 dictis
1825 1829 1988 1900 sapientibus

396 1956 491 2009 debeat
509 1955 645 2008 terminari
664 1970 709 2024 per
727 1954 787 2008 illos
804 1955 833 2007 in
851 1954 944 2026 quibus
963 1953 1062 2008 factum
1081 1954 1159 2008 fuerit
1177 1954 1407 2025 compromissum.
1427 1965 1454 2007 et
1472 1955 1543 2025 quod
1569 1965 1685 2024 potestas
1712 1966 1835 2009 teneatur
1853 1953 1915 2007 illos
1933 1970 1984 2007 con

395 2077 525 2149 stringere
545 2089 573 2131 vt
591 2077 735 2132 terminent
753 2089 781 2131 et
798 2076 893 2131 finiant
911 2077 1010 2131 dictam
1028 2077 1195 2148 questionem
1214 2077 1241 2130 in
1259 2077 1322 2147 ipsis
1341 2076 1493 2147 impositam
1512 2077 1658 2130 secundum
1676 2077 1791 2131 sormam
1804 2077 1932 2147 presentis
1944 2093 1985 2133 or-

396 2199 545 2254 dinamenti
563 2216 616 2254 non
636 2201 758 2255 obstante
775 2200 863 2271 aliqua
881 2199 1023 2254 ellectione
1042 2199 1109 2254 sacta
1127 2200 1155 2253 in
1174 2199 1294 2254 consilio.
1313 2199 1382 2254 Item
1399 2199 1463 2254 dicti
1475 2200 1607 2270 sapientes
1619 2199 1771 2270 questiones
1789 2200 1817 2254 in
1835 2200 1898 2271 ipsis
1917 2217 1987 2255 com·

396 2315 540 2386 promissas
558 2325 698 2369 teneantur
716 2325 743 2368 et
761 2315 874 2369 debeant
892 2315 1049 2368 terminasse
1067 2325 1094 2368 et
1113 2313 1201 2369 finisse
1218 2313 1286 2368 infra
1306 2330 1427 2368 mensem
1445 2330 1530 2368 vnum
1543 2313 1619 2367 finito
1637 2327 1757 2383 tempore
1775 2331 1869 2368 eorum
1887 2314 1986 2369 officii:

394 2437 418 2492 si
436 2437 505 2508 ipsas
524 2449 585 2492 ante
604 2454 659 2492 non
677 2440 872 2492 terminassent.
892 2439 940 2492 sub
959 2454 1025 2508 pena
1044 2437 1192 2492 solidorum
1211 2437 1305 2505 viginti
1324 2437 1469 2491 astensium
1487 2453 1535 2506 pro
1553 2437 1672 2507 quolibet
1690 2436 1817 2507 ipsorum.
1836 2439 1880 2504 (2)

523 2787 629 2943 Lo
653 2842 948 2978 suoproscritn
972 2843 1098 2978 copie
1123 2837 1211 2942 cicli
1234 2841 1389 2942 stotuti
1411 2837 1528 2943 dello
1552 2841 1775 2943 cornunitci
1798 2838 1847 2943 di
1870 2843 1989 2944 Bene

397 3044 418 3140 e'
457 3052 574 3137 stoto
611 3051 772 3137 cnuoto
809 3033 887 3137 tat
917 3036 1098 3172 proprio
1134 3031 1350 3172 originale
1386 3031 1476 3136 deli
1509 3035 1664 3136 stotuti
1697 3031 1746 3136 di
1780 3070 1875 3137 essu
1920 3071 1987 3136 co-

398 3230 574 3332 rnunitct
611 3228 753 3330 scritti
790 3229 835 3329 in
873 3229 1150 3365 Bergomino
1186 3228 1351 3364 copinti
1385 3224 1444 3328 do
1475 3230 1595 3364 posti
1625 3263 1705 3329 con
1727 3224 1771 3329 lo
1791 3225 1988 3332 Rubrico

392 3418 648 3560 precedente
683 3421 923 3523 continenti
957 3435 1043 3521 otto
1079 3416 1306 3522 collationi
1359 3420 1644 3524 conrintinnti
1687 3419 1748 3523 od
1770 3417 1988 3523 'honorem

399 3612 472 3717 dei
505 3631 546 3716 et
581 3614 841 3717 Rectissime
879 3614 1034 3715 Murio
1060 3614 1123 3715 V
1122 3613 1280 3750 irginis
1317 3628 1358 3715 et
1394 3609 1430 3715 il
1457 3615 1609 3750 prirno
1645 3629 1807 3751 statuto
1832 3616 1905 3715 De
1925 3616 1989 3715 iu-

399 3787 599 3911 roinento
637 3805 775 3945 officio
811 3825 853 3910 et
888 3807 1100 3944 regirnine
1130 3808 1358 3944 potestatis
1395 3845 1416 3909 e
1456 3803 1645 3910 l'uitirno
1686 3810 1758 3909 De
1802 3826 1990 3945 quotuor

400 3999 671 4140 sapientibus
707 4020 836 4138 super
875 3998 1169 4138 questionibus
1206 3998 1409 4103 sedendis
1441 4020 1524 4138 per
1579 4037 1648 4103 ene
1682 3963 1832 4139 ogerio
1867 3998 1992 4139 gullo
2059 4115 2061 4120 ¹

403 4194 569 4297 nodoro
600 4191 819 4332 puhlicoc
844 4193 893 4294 di
909 4190 1026 4295 detto
1045 4195 1269 4296 cornunitci
1305 4195 1345 4296 si
1379 4209 1554 4297 certono
1580 4194 1628 4296 di
1643 4196 1832 4332 proprio
1858 4230 1991 4298 mono

404 4389 544 4490 scritti
580 4387 627 4489 di
674 4388 925 4489 comissione
981 4404 1022 4488 et
1075 4384 1225 4490 ordine
1280 4385 1352 4490 del
1383 4380 1672 4526 corurgrioe
1719 4404 1868 4527 questo
1924 4386 1995 4490 del

406 4617 523 4684 onno
559 4577 679 4683 ruille
715 4582 989 4734 cinquecento
1028 4598 1252 4720 quornnto
1288 4585 1476 4720 sinque.>

451 4771 454 4777 ’
546 4776 602 4877 In
625 4773 734 4911 sede
768 4771 842 4876 del
874 4771 948 4876 che
967 4776 1032 4877 mi
1048 4812 1151 4877 sono
1190 4772 1588 4878 tobelliouolmente
1607 4791 1649 4877 et
1665 4773 1992 4878 rnonunlrnente
2094 4839 2100 4845 -

405 4969 667 5106 sotosignuto
716 5022 717 5025 κ

1480 5148 1725 5253 GALLO.
