4800 6698
1183 288 1286 391 XV

464 573 501 635 et
527 572 693 635 teneatur
724 555 864 658 priuata
892 573 928 633 et
955 572 1119 658 potestas
1153 573 1319 635 teneatur
1347 575 1384 636 et
1411 558 1529 661 possit
1557 557 1642 637 inde
1675 559 1856 668 inquirere
1888 557 2053 664 pluribus

463 711 603 790 uicibus
631 712 668 791 in
697 739 807 791 anno.
823 712 844 750 a
859 712 925 819 (r)

331 1110 379 1189 ra
445 1028 555 1192 Du
582 1109 737 1192 trouu
763 1109 831 1189 ur
858 1109 1109 1192 numurus
1136 1109 1480 1206 mQutreenurs.
1534 1082 1601 1189 (2)

511 1308 699 1511 Qatnu
735 1414 901 1475 teneatur
942 1413 1106 1500 potestas
1143 1396 1275 1499 inquiri
1312 1396 1359 1476 de
1397 1396 1554 1501 singulis
1591 1398 1628 1476 in
1666 1397 1822 1501 singulis
1864 1401 2056 1479 mensibus

465 1578 597 1633 omnes
638 1551 747 1633 libras
779 1572 815 1632 et
847 1580 1038 1632 mensuras
1074 1553 1169 1632 bladi
1205 1572 1241 1633 et
1273 1554 1350 1632 uini
1387 1555 1492 1658 panis
1521 1574 1556 1634 et
1588 1554 1741 1633 aliarum
1774 1581 1897 1634 rerum
1926 1575 1962 1634 et
1991 1583 2055 1634 cu-

465 1709 597 1789 zolios,
618 1728 654 1788 et
674 1710 704 1789 si
722 1708 842 1815 aliqua
869 1737 1026 1815 persona
1046 1710 1174 1790 falsam
1199 1737 1410 1791 mensuram
1430 1710 1489 1790 uel
1509 1711 1639 1791 libram
1659 1712 1800 1791 dederit
1820 1731 1856 1791 et
1880 1713 2055 1792 iniustam

464 1868 621 1946 tenuerit
648 1866 708 1946 uel
737 1866 837 1947 dabit
866 1867 986 1948 soluat
1013 1895 1081 1972 pro
1107 1895 1202 1972 pena
1230 1868 1382 1972 quocies
1410 1867 1534 1947 lecerit
1560 1869 1706 1976 solidos
1724 1896 1776 1949 xx
1797 1870 1894 1949 curie
1911 1888 1947 1948 et
1966 1897 2058 1974 que·

465 2022 553 2103 libet
580 2051 737 2127 persona
765 2023 861 2103 lame
891 2029 988 2103 bone
1016 2026 1135 2129 possit
1163 2026 1248 2104 inde
1276 2053 1445 2105 accusare
1474 2045 1510 2105 et
1538 2027 1703 2106 credatur
1737 2028 1960 2106 accusationi
1991 2054 2056 2106 sue

466 2181 685 2260 iuramento,

333 2515 386 2595 ⁷4
446 2478 556 2645 Du
583 2557 833 2642 musonis
860 2557 927 2637 ur
955 2557 1085 2638 unsis
1112 2558 1473 2640 Recuucnuors.

506 2773 603 2974 Q
622 2889 701 2943 reru
727 2883 905 2944 statutum
939 2884 993 2944 est
1026 2865 1126 2969 quod
1165 2867 1404 2945 stanciatores
1440 2865 1507 2972 (3)
1536 2885 1572 2945 et
1608 2883 1852 2944 recercatores
1885 2866 2058 2946 comunis

464 3023 654 3130 constituti
688 3048 795 3126 super
830 3022 1028 3106 mensuris*
1047 3024 1144 3125 pesis
1177 3024 1337 3103 sestariis
1365 3042 1401 3102 et
1431 3022 1530 3102 libris
1558 3042 1594 3101 et
1627 3023 1707 3103 aliis
1741 3026 1967 3105 recercandis
1995 3053 2056 3104 ne·

464 3198 598 3283 queant
617 3198 740 3283 petere
760 3179 819 3259 uel
839 3180 971 3259 habere
1000 3180 1149 3284 aliquod
1178 3181 1337 3260 loerium
1356 3181 1424 3288 (4)
1438 3209 1505 3285 pro
1524 3183 1771 3261 recercatione
1799 3209 2054 3262 mensurarum

464 3336 636 3417 librarum
672 3364 844 3441 pesarunt
880 3364 951 3441 que
985 3339 1117 3417 iniuste
1150 3340 1402 3441 reperirentur.
1437 3359 1473 3418 et
1501 3340 1601 3442 quod
1630 3366 1787 3443 persona
1823 3339 1944 3444 aliqua
1977 3368 2056 3420 non

463 3513 628 3574 teneatur
660 3495 777 3574 lacere
805 3495 978 3576 recercari
1005 3499 1119 3575 'suurn
1153 3497 1345 3575 sestarium
1383 3497 1453 3577 nisi
1490 3497 1605 3578 semel
1639 3499 1676 3577 in
1705 3526 1805 3579 anno
1838 3517 1874 3577 et
1902 3497 2056 3601 quilibet

465 3653 662 3732 stanciator
689 3653 807 3756 possit
835 3680 1003 3732 accusare
1032 3680 1166 3732 omnes
1192 3642 1369 3758 per'sonas
1397 3682 1467 3758 que
1496 3654 1663 3734 dederint
1692 3682 1903 3734 mensuram
1931 3655 1992 3737 uel
2016 3656 2056 3734 li·
2110 3663 2116 3675 '

464 3809 567 3889 bram
595 3810 782 3890 iniustam.
812 3830 848 3890 et
877 3811 909 3890 ei
930 3812 1106 3891 credatur.
1128 3830 1163 3890 et
1183 3811 1314 3891 lrabeat
1342 3813 1487 3890 tertiam
1516 3832 1657 3915 partem
1682 3814 1804 3891 banni.
1829 3833 1865 3891 et
1889 3832 2056 3892 teneatur

464 3968 671 4048 iuramento
699 3995 881 4051 recercare
908 3996 1033 4073 pessus
1061 3989 1097 4048 et
1126 3995 1315 4048 mensuras
1343 3970 1437 4072 pani·
1456 3987 1492 4048 et
1520 3970 1596 4048 uini
1617 3988 1653 4049 et
1672 3971 1847 4049 carnium.
1878 3988 1914 4049 et
1941 3998 2057 4074 panes

463 4124 753 4205 tabernariorum
781 4125 898 4205 factos
926 4125 971 4206 ad
1001 4125 1239 4206 uendendum
1269 4126 1384 4206 semel
1413 4127 1450 4205 in
1479 4125 1662 4205 edomada
1690 4127 1735 4206 ad
1764 4128 1899 4206 minus.
1928 4128 1975 4209 Et
2002 4146 2055 4207 te-

464 4296 617 4355 neantur
650 4276 832 4379 panaterie
866 4274 981 4355 lacere
1019 4275 1222 4356 solomodo
1256 4275 1425 4354 obolatas
1452 4275 1519 4382 (5)
1537 4283 1539 4286 ’
1547 4275 1651 4379 panis
1684 4302 1828 4380 semper
1859 4295 2055 4379 quantum·

463 4460 619 4536 cumque
639 4434 811 4513 sestarios
832 4433 1005 4513 formenti
1024 4432 1160 4512 ualebit
1180 4432 1323 4513 solidos
1341 4460 1391 4512 ιιιι
1411 4432 1470 4512 uel
1491 4433 1614 4512 minus
1634 4454 1670 4512 et
1698 4434 1869 4512 sestarius
1894 4432 2054 4537 siliginis

465 4590 606 4671 solidos
624 4617 662 4670 ιιι
682 4589 741 4668 uel
770 4592 893 4669 minus
912 4590 980 4668 sub
998 4617 1092 4693 pena
1112 4590 1318 4669 solidorum
1338 4616 1363 4670 ιι
1382 4590 1491 4669 curie.
1512 4607 1548 4668 et
1567 4589 1729 4693 quelibet
1756 4616 1912 4693 persona
1934 4591 2054 4694 possit

465 4749 549 4829 inde
578 4775 746 4828 accusare
776 4767 812 4829 et
841 4749 873 4827 ei
903 4750 1111 4828 iuramento
1144 4750 1321 4828 credatur.
1352 4768 1388 4827 et
1416 4747 1548 4827 lrabeat
1580 4748 1730 4827 terciam
1767 4768 1908 4851 partem
1943 4749 2052 4827 banni

344 4904 346 4908 ’
465 4926 500 4986 et
528 4926 694 4988 teneatur
721 4909 859 5012 priuata
889 4907 918 4986 si
948 4907 1053 4986 fiterit
1081 4906 1179 4987 bone
1208 4907 1319 4987 lame:
