4800 6696
1092 236 1159 339 LI

331 548 492 660 persona
523 556 642 660 possit
670 555 848 635 boschare
869 557 906 635 in
927 556 1002 634 suis
1031 555 1203 634 sortibus.
1225 556 1304 634 sine
1324 553 1470 633 licentia
1498 554 1695 634 amborum
1711 574 1929 635 consortum

338 714 404 794 sub
432 742 527 819 pena
554 715 728 819 predicta.

333 1070 535 1282 Qton
562 1119 843 1236 nnuunms
871 1149 1165 1233 ronanam
1192 1150 1264 1230 nn
1292 1147 1530 1231 scansun
1556 1135 1576 1241 (
1604 1137 1635 1239 >-

405 1458 434 1555 ὲ
451 1445 481 1537 ¹.
494 1494 573 1546 ren
592 1485 771 1546 statutum
792 1484 847 1543 est
872 1463 974 1568 quod
994 1491 1128 1543 omnes
1157 1464 1347 1544 manuales
1367 1467 1445 1544 siue
1465 1466 1538 1544 sint
1556 1484 1730 1567 sectores
1758 1467 1835 1545 siue
1857 1468 1929 1546 sint

334 1627 394 1707 alii
437 1628 660 1731 quicumque
701 1642 885 1729 ponantur
927 1640 963 1701 et
1003 1623 1093 1726 poni
1136 1622 1294 1703 debeant
1320 1623 1342 1661 ⁴*
1370 1643 1406 1702 et
1435 1624 1594 1703 conduci
1622 1626 1660 1703 in
1689 1624 1843 1724 baennis
1883 1626 1928 1704 ad

280 1792 283 1800 '
335 1794 497 1864 scarsum
524 1784 546 1822 ⁴*
574 1802 610 1862 et
638 1810 716 1862 non
744 1782 788 1861 ad
817 1780 1044 1886 pascendum
1069 1780 1198 1885 valiquo
1227 1780 1345 1861 modo
1374 1778 1753 1894 exceptismagistris
1767 1782 1813 1863 de
1829 1812 1929 1863 man-

335 1944 435 2022 neria
465 1961 501 2022 et
530 1939 721 2020 manuales
753 1941 815 2044 qui
849 1940 1017 2017 iuuarent
1043 1938 1065 1976 ⁴*
1097 1939 1141 2018 ad
1159 1938 1416 2043 ‘carigandum
1449 1959 1485 2019 et
1507 1940 1725 2020 'ducendum
1750 1943 1771 1980 *
1798 1942 1927 2023 boues.

333 2103 380 2180 Et
409 2101 572 2205 exceptis
600 2098 673 2178 illis
699 2099 720 2137 '⁶
749 2099 812 2202 qui
839 2097 1058 2177 laborabunt
1087 2098 1124 2175 in
1152 2095 1238 2175 uilla
1267 2097 1326 2176 uel
1360 2099 1397 2176 in
1439 2096 1574 2201 aylaria
1615 2097 1856 2212 baennarum.
1884 2102 1929 2180 Et

333 2262 395 2366 qui
424 2259 678 2339 contrafecerit
708 2256 829 2337 soluat
855 2284 923 2361 pro
951 2255 1118 2361 quolibet
1146 2255 1308 2335 manuali
1337 2255 1480 2336 solidos
1512 2285 1550 2336 111
1578 2260 1675 2337 curie
1704 2279 1740 2338 et
1768 2260 1928 2341 totidem

331 2447 399 2523 pro
428 2418 585 2497 emenda
614 2417 778 2496 comuni.
810 2435 846 2494 et
874 2414 1056 2494 manualis
1084 2413 1254 2494 eamdem
1282 2441 1418 2519 penam
1447 2415 1659 2496 substineat.
1690 2418 1737 2496 Et
1766 2419 1928 2523 quelibet

331 2604 488 2683 persona
515 2576 634 2680 possit
662 2575 749 2654 inde
777 2601 946 2654 accusare
984 2593 1020 2652 et
1049 2574 1082 2652 ei
1112 2574 1320 2652 iuramento
1349 2573 1526 2653 credatur.
1558 2593 1593 2654 et
1621 2576 1753 2654 habeat
1781 2579 1927 2657 tertiam

332 2755 475 2840 partem
505 2735 627 2813 banni.
658 2752 694 2814 et
722 2752 889 2813 teneatur
916 2734 1069 2836 priuata.
1090 2732 1137 2811 Et
1155 2749 1320 2837 potestas
1338 2733 1458 2836 possit
1486 2731 1572 2812 inde
1601 2734 1783 2841 inquirere
1803 2735 1928 2840 aliquo

332 2870 495 2998 capitulo
525 2893 611 2972 inde
639 2891 737 2971 facto
766 2894 804 2971 in
834 2893 1060 2972 contrarium
1089 2919 1166 2971 non
1196 2893 1377 2971 obstante.
1422 2892 1595 2996 Exceptis
1622 2877 1855 2973 manualibus
1883 2893 1929 2973 la-

332 3052 548 3132 borantibus
578 3071 678 3131 extra
706 3051 821 3131 finem
850 3069 886 3130 et
914 3078 1024 3155 posse
1046 3052 1283 3130 baennarum.
1309 3068 1347 3134 Et
1370 3068 1456 3156 quod
1480 3068 1584 3157 aliqua
1607 3091 1741 3158 persona
1757 3092 1834 3156 non
1858 3092 1931 3158 pre-

332 3246 436 3318 sumat
460 3227 534 3294 dare
560 3229 673 3294 uinum
697 3250 756 3293 nec
780 3226 909 3316 aliquod
933 3225 1132 3293 comestibile
1148 3225 1206 3292 sub
1223 3226 1335 3293 eadem
1359 3248 1449 3314 pena.
1466 3227 1505 3293 Et
1521 3226 1659 3314 quelibet
1674 3250 1810 3315 persona
1830 3229 1929 3316 possit

330 3408 477 3453 accusare
501 3404 532 3453 et
557 3387 585 3452 ei
610 3388 790 3452 iuramento
815 3384 970 3452 credatur.
995 3402 1026 3452 et
1049 3404 1189 3474 potestas
1212 3386 1313 3473 possit
1337 3384 1353 3417 *
1375 3386 1545 3473 inquirere.
1570 3385 1624 3476 (2)

135 3789 225 3866 223·
329 3703 441 3872 De
466 3740 827 3870 mensurnus
843 3740 1088 3885 nuounn
1104 3783 1357 3870 Annonnu
1374 3782 1698 3905 malumno
1725 3739 1919 3868 'cosmss

484 3942 684 4028 unone.

394 4159 569 4367 fflnen
597 4283 775 4343 statutum
804 4285 860 4344 est
888 4263 989 4369 quod
1019 4266 1049 4344 si
1077 4263 1197 4369 aliqua
1225 4291 1382 4368 persona
1397 4263 1564 4343 inciderit
1579 4263 1738 4368 aliquam
1757 4265 1928 4344 arborem

333 4449 443 4527 quam
472 4423 562 4501 cerri
591 4421 650 4501 uel
679 4423 771 4501 ruris
797 4423 866 4527 piri
894 4421 954 4502 uel
982 4423 1080 4503 mele
1099 4423 1138 4502 in
1156 4422 1310 4502 bannito
1331 4441 1574 4526 costemagne
1593 4422 1743 4526 aliquod
1763 4422 1927 4502 bannum

333 4605 410 4659 non
439 4580 655 4660 substineat.

30 5096 35 5104 .
136 5053 213 5130 224
331 4970 590 5139 Dauus
616 5053 712 5152 Qur
738 5053 858 5137 nou
884 5051 1122 5135 rossum
1147 5049 1265 5133 esse
1288 5007 1673 5134 accumrones.

395 5268 569 5476 Quin
607 5391 786 5451 statutum
822 5391 877 5451 est
913 5370 1014 5474 quod
1050 5369 1173 5450 nullus
1208 5371 1229 5408 l
1264 5372 1468 5474 canaparius
1496 5371 1667 5448 comunis
1699 5369 1926 5449 baennarum

332 5557 401 5609 nec
429 5530 607 5611 clauarius
635 5558 699 5610 seu
727 5531 893 5610 notarius
921 5531 1018 5609 curie
1045 5530 1067 5568 ⁴*
1096 5533 1333 5608 baennarum.
1355 5529 1433 5606 siue
1453 5527 1613 5607 decanus
1633 5529 1710 5606 siue
1738 5525 1927 5609 familiaris
