4800 6698
1018 286 1213 388 XLVII

261 621 263 625 ‚
324 577 423 658 lidos
450 607 500 661 111.
530 599 567 660 et
594 609 615 661 a
643 580 744 662 libris
771 609 825 662 xx
854 609 960 688 supra
983 581 1132 662 'solidos
1159 608 1195 662 v.
1225 585 1272 664 Et
1300 585 1346 695 de
1375 585 1624 694 instrumento
1658 584 1917 695 appellationis

288 732 290 736 ’
325 765 347 817 a
373 736 475 818 libris
501 765 528 819 x
555 738 647 819 infra
675 739 848 821 denarios
875 769 924 821 vr.
955 760 992 821 et
1018 769 1039 821 a
1067 741 1169 821 libris
1200 771 1224 821 x
1259 770 1365 847 supra
1403 742 1567 823 solidum
1596 773 1619 824 1.
1649 763 1686 825 et
1713 745 1759 825 de
1787 747 1917 826 instru-

326 915 457 976 mento
486 899 668 977 sententie
696 926 717 978 a
744 897 846 978 libris
873 926 899 979 x
927 898 1019 979 infra
1047 899 1210 979 solidum
1238 928 1261 981 1.
1292 919 1328 980 et
1355 929 1376 980 a
1404 901 1506 980 libris
1532 930 1556 979 x
1585 929 1691 1006 supra
1718 902 1861 983 solidos
1879 931 1915 984 11.

326 1055 374 1134 Et
401 1056 431 1134 si
460 1056 625 1148 notarius
640 1033 770 1136 ⁸nollet
798 1058 915 1136 lacere
942 1076 983 1137 ut
1011 1056 1152 1138 dictum
1181 1077 1237 1138 est
1264 1058 1361 1138 dicta
1389 1061 1644 1140 instrumenta.
1673 1040 1840 1165 potestas
1867 1079 1917 1142 te-

327 1232 456 1293 neatur
484 1215 731 1295 incontinenti
759 1232 902 1296 mutare
931 1215 1071 1296 dictum
1099 1219 1286 1297 notarium
1315 1235 1352 1296 et
1378 1245 1517 1322 ponere
1545 1219 1584 1298 in
1608 1218 1788 1299 conscilio
1816 1220 1918 1331 quod

328 1389 490 1452 mutetur
518 1374 777 1453 incontinenti.
807 1391 843 1453 et
871 1376 1037 1455 notarius
1078 1375 1210 1455 debeat
1251 1376 1385 1456 habere
1413 1375 1459 1456 de
1488 1375 1655 1480 quolibet
1683 1394 1776 1457 teste
1805 1404 1917 1482 quem

328 1532 507 1635 receperit
535 1531 708 1612 denarios
735 1550 974 1613 nutantum.
1371 1495 1373 1498 >

130 2025 206 2102 209
322 1913 434 2078 DE
460 1993 707 2077 NOTARIO
734 1995 803 2077 ET
826 1995 1096 2079 CLAUARIO
1124 1996 1275 2080 CURlE
1302 1995 1641 2080 BAENNARUM.

288 2336 291 2340 ’
386 2212 568 2416 Qum
595 2343 774 2406 statutum
802 2344 858 2406 est
886 2325 988 2430 quod
1017 2353 1151 2406 omnes
1170 2325 1316 2406 clauarii
1337 2345 1373 2406 et
1391 2317 1527 2406 notarii
1546 2328 1644 2405 curie
1664 2320 1728 2406 s'eu
1748 2328 1920 2407 comunis

330 2485 556 2563 baennarum
573 2484 720 2595 mutari
748 2502 785 2563 et
811 2485 997 2563 remoueri
1026 2482 1183 2563 debeant
1212 2482 1257 2563 de
1285 2484 1401 2563 tribus
1430 2484 1468 2584 in
1495 2485 1610 2563 tribus
1637 2484 1839 2587 mensibus.
1869 2511 1922 2564 se·

331 2641 494 2721 cundum
522 2640 624 2746 quod
653 2659 875 2721 consuetum
904 2660 971 2720 est.
1004 2659 1040 2720 et
1067 2641 1141 2720 hoc
1169 2667 1247 2721 non
1274 2641 1395 2745 possit
1422 2644 1607 2720 remoueri
1651 2640 1832 2721 conscilio
1854 2641 1921 2722 uel

331 2799 407 2880 alio
434 2801 565 2879 mode.
595 2818 632 2880 et
660 2799 761 2904 quod
789 2798 851 2880 ille
879 2798 938 2879 uel
967 2798 1021 2878 illi
1049 2799 1112 2903 qui
1139 2798 1274 2879 fuerint
1300 2799 1413 2904 positi
1433 2801 1471 2878 in
1490 2800 1599 2879 dictis
1617 2799 1752 2879 officiis
1775 2799 1922 2880 clauarii

331 2959 392 3050 uel
411 2958 545 3038 notarii
564 2957 722 3038 debeant
741 2959 950 3038 comuniter
968 2958 1193 3062 participare.
1212 2958 1246 3037 si
1265 2941 1490 3037 sufficienter
1513 2957 1646 3037 fuerint
1669 2956 1922 3038 literatilucra

332 3117 377 3197 ad
407 3144 474 3197 eos
500 3118 752 3222 peruenientia
781 3144 826 3196 ex
855 3116 963 3196 dictis
991 3115 1123 3196 officis.
1143 3117 1191 3196 Et
1209 3116 1311 3220 quod
1330 3134 1525 3196 teneantur
1543 3117 1659 3203 iurare
1680 3117 1718 3195 in
1737 3115 1919 3196 conscilio

270 3331 276 3343 ·
333 3303 411 3357 non
440 3302 610 3356 exercere
638 3276 734 3355 dicta
763 3274 887 3355 officia
915 3274 1008 3353 ultra
1036 3293 1111 3380 tres
1140 3301 1300 3354 menses.
1331 3293 1368 3354 et
1395 3274 1497 3378 quod
1525 3301 1603 3354 non
1621 3275 1767 3378 possint
1786 3301 1866 3354 esse
1885 3276 1924 3354 in
1954 3279 1958 3287 '
2026 3333 2029 3341 -

333 3433 441 3514 dictis
469 3433 604 3514 officiis
630 3433 690 3513 uel
718 3433 843 3537 aliquo
871 3435 1038 3538 ipsorum
1066 3433 1137 3512 nisi
1165 3431 1281 3512 semel
1310 3433 1348 3511 in
1375 3450 1554 3523 annoet
1581 3431 1682 3536 quod
1710 3430 1841 3536 aliquis
1859 3457 1925 3546 no

333 3594 446 3672 tarius
475 3594 552 3708 siue
580 3591 759 3672 clauarius
787 3593 850 3696 qui
878 3591 985 3671 electi
1012 3590 1146 3671 fuerint
1174 3590 1220 3670 ad
1249 3591 1346 3670 dicta
1365 3589 1489 3670 officia
1507 3617 1585 3669 non
1612 3591 1757 3694 possint
1784 3616 1922 3695 ponere

334 3750 496 3855 aliquem
525 3751 612 3830 loco
641 3754 708 3831 sui.
738 3750 803 3830 sed
831 3751 978 3854 penitus
1006 3749 1165 3830 debeant
1184 3775 1292 3828 suurn
1312 3747 1480 3828 officium
1508 3774 1688 3827 exercere.
1710 3746 1814 3826 saluo
1834 3774 1924 3851 quo·

273 3950 275 3954 ⁴
333 3935 492 4014 cumque
512 3910 658 3989 honore
677 3909 745 4016 (Ι)
760 3927 797 3989 et
815 3911 892 3989 lure
913 3910 1096 3988 comunis.
1126 3937 1153 3979 et
1171 3924 1242 3996 quod
1261 3924 1375 3979 decanus
1394 3924 1513 3978 comunis
1533 3925 1695 3977 baennarum
1714 3933 1829 3976 mutetur
1847 3891 1922 3976 omni

334 4084 406 4123 anno
424 4085 506 4139 quum
525 4080 640 4138 potestas
659 4069 809 4122 mutabitur.
829 4069 841 4094 *
859 4080 886 4122 et
903 4067 974 4139 quod
993 4079 1108 4137 potestas
1131 4078 1252 4121 teneatur
1270 4065 1356 4121 facere
1373 4066 1513 4121 obseruare
1532 4081 1638 4136 presens
1657 4063 1800 4134 capitulum
1818 4062 1926 4117 uinculo

334 4226 483 4281 iuramenti.
504 4224 546 4298 (2)

134 4701 214 4756 210
325 4594 437 4759 DE
465 4676 722 4758 NOTARIlS.

388 4893 483 5096 ἕξ
495 5026 573 5080 ren
602 5017 779 5078 statutum
822 5018 878 5077 est
920 4996 1021 5101 quod
1061 5014 1228 5101 potestas
1267 5014 1434 5076 teneatur
1476 4993 1699 5099 compellere
1740 4995 1927 5073 notarium

337 5161 564 5239 baennarunr
591 5157 743 5237 reddere
772 5158 1016 5237 instrumenta
1044 5154 1135 5234 infra
1162 5184 1212 5235 xv
1240 5153 1320 5234 dies
1346 5171 1545 5259 postquam
1583 5152 1814 5258 querimonia
1842 5150 1927 5230 inde

339 5318 456 5399 luerit.
512 5358 513 5362 ¹
