4800 6698
631 556 727 697 {1}ss
750 559 949 663 nomine
973 555 1158 661 domini
1182 554 1332 658 nostri
1356 554 1457 657 iesu
1495 547 1666 654 christi.
1695 549 1873 652 Amen.
1906 545 2006 656 Hic
2030 579 2142 648 con·

634 732 868 851 tinetur
892 730 952 835 de
971 727 1225 835 collatione
1249 749 1378 833 sexta
1405 717 1493 855 (2)
1530 721 1746 829 uidelicet
1771 744 1825 826 ut
1854 719 1972 824 infra
1996 720 2124 825 conti

553 1616 752 1721 approbata
778 1641 842 1718 per
870 1613 1068 1692 dominum
1088 1612 1259 1690 ubertum
1279 1609 1325 1689 de
1345 1609 1593 1689 corsenhrado
1617 1610 1960 1714 archipresbiterum
1988 1614 2145 1692 astensis

552 1774 705 1855 ecclesie
725 1791 762 1852 et
775 1799 839 1876 per
858 1772 1057 1851 dominum
1076 1768 1269 1849 oddonem
1289 1785 1460 1872 garetum
1479 1769 1701 1848 canonicum
1720 1770 1877 1849 astensis
1896 1770 2049 1850 ecclesie
2064 1799 2146 1850 arn-

553 1933 623 2011 bos
650 1931 809 2010 uicarios
837 1927 1030 2033 generales
1057 1929 1179 2006 tocius
1207 1924 1354 2031 capituli
1384 1944 1420 2004 et
1447 1926 1691 2031 Episcopatus
1727 1928 1894 2007 astensis.
1936 1928 2146 2033 Episcopali

554 2088 641 2169 sede
669 2105 822 2167 uacante
851 2088 932 2165 uice
961 2105 997 2165 et
1025 2086 1179 2165 nomine
1208 2084 1364 2164 astensis
1393 2083 1559 2163 ecclesie.
1589 2085 1635 2164 Et
1655 2111 1700 2164 ex
1720 2086 1852 2189 uigore
1872 2105 1908 2165 et
1927 2088 2145 2166 auctoritate

554 2271 685 2327 eorum
713 2245 848 2323 uicarie
875 2243 1051 2349 predicte.
1079 2243 1253 2346 Exceptis
1281 2241 1457 2321 omnibus
1485 2240 1654 2345 capitulis
1682 2243 1719 2320 in
1748 2243 1880 2346 quibus
1898 2270 1993 2347 pena
2013 2271 2149 2348 corpo-

552 2402 638 2483 ralis
666 2430 731 2482 seu
760 2403 953 2506 sanguinis
981 2402 1203 2481 continetur.
1233 2401 1271 2479 in
1300 2400 1432 2504 quibus
1461 2401 1664 2503 exceptatis
1691 2398 1870 2503 capitulis
1899 2401 2054 2505 predicti
2083 2402 2149 2481 do·

554 2563 646 2641 mini
676 2562 811 2663 uicarij.
843 2561 931 2664 quin
960 2560 1089 2639 fuisset
1117 2561 1284 2665 ipsorum
1304 2557 1478 2638 ordinem
1499 2560 1536 2637 in
1556 2557 1696 2638 nichilo
1716 2578 1997 2639 consenserunt.
2019 2561 2148 2655 Quam

556 2718 707 2825 quidem
737 2718 1063 2798 confirmationem
1092 2718 1257 2797 fecerunt
1293 2718 1447 2822 predicti
1463 2717 1621 2797 domini
1649 2718 1775 2796 uicarii
1804 2719 2024 2798 examinatis
2051 2721 2151 2824 prius

556 2876 754 2981 diligenter
783 2876 891 2956 dictis
919 2875 1087 2981 capitulis
1115 2903 1201 2955 curn
1230 2875 1530 2980 capitulatoribus
1558 2879 1785 2956 baennarum
1805 2878 1842 2956 in
1862 2896 1983 2957 castro
2001 2879 2151 2982 Episco-

557 3035 630 3141 pali
658 3034 896 3115 baennarum.
918 3034 1035 3114 silicet
1054 3037 1093 3114 in
1121 3032 1259 3139 capella
1288 3036 1394 3114 castri
1422 3035 1588 3139 predicti.

566 3364 676 3529 DE
705 3443 828 3523 lLLlS
855 3440 951 3538 QUI
977 3422 1246 3522 ACCUSATI
1263 3436 1402 3517 SUNT
1429 3431 1681 3517 BOSCASSE
1707 3431 1763 3512 IN
1789 3428 2004 3511 BOSCHIS
2031 3427 2150 3508 BAN·
2245 3515 2249 3521 ,

720 3600 856 3683 NITIS
882 3597 982 3680 UEL
1008 3595 1243 3678 ALlCUIUS
1270 3590 1504 3676 PERSONE
1530 3588 1790 3671 SPEClALIS.
2075 3588 2078 3594 ’
2142 3577 2146 3583 ’

629 3819 797 4020 fficiam
825 3929 1004 3990 statutum
1033 3930 1089 3990 est
1117 3909 1219 4014 quod
1248 3911 1278 3989 si
1306 3909 1428 4016 aliqua
1446 3883 1605 4016 persona
1624 3932 1790 4013 accusata
1818 3913 1925 3993 fuerit
1953 3914 2013 3994 uel
2042 3915 2154 3994 incul-

560 4088 644 4173 pata
671 4058 870 4148 boschasse
900 4069 936 4147 in
964 4068 1089 4173 aliquo
1119 4070 1262 4148 boscho
1291 4071 1445 4149 bannito
1473 4069 1533 4149 uel
1562 4070 1599 4148 in
1628 4068 1771 4149 boscho
1795 4037 1965 4151 alicuius
1995 4099 2153 4177 persone

561 4226 728 4331 specialis
751 4226 841 4337 ¹linis
869 4229 1107 4306 baennarum.
1152 4246 1188 4307 et
1230 4226 1328 4307 dicta
1354 4255 1511 4333 persona
1540 4229 1774 4308 boschauerit
1802 4228 1848 4308 ad
1877 4257 1972 4334 opus
2000 4230 2154 4336 alicuius

559 4410 717 4488 persone
736 4382 885 4462 alterius
913 4385 951 4462 in
979 4382 1123 4463 boscho
1151 4384 1328 4493 predictos
1351 4375 1459 4491 ubod
1487 4385 1567 4465 illa
1575 4390 1734 4490 persona
1762 4387 1806 4466 ad
1837 4388 1940 4466 cuius
1968 4415 2064 4492 opus
2090 4388 2154 4467 ho-

561 4541 741 4620 schauerit
770 4559 937 4623 teneatur
966 4540 1111 4621 soluere
1140 4520 1304 4659 bannum
1333 4560 1371 4649 et
1397 4543 1595 4659 emendam
1614 4571 1735 4649 ,quam
1763 4544 1849 4625 inde
1879 4546 2023 4626 soluere
2048 4546 2155 4628 debe·

560 4719 614 4778 ret
643 4697 739 4777 dicta
766 4726 925 4803 persona
952 4718 1120 4779 accusata
1141 4668 1346 4798 'occasione
1361 4690 1547 4807 predicta.
1575 4722 1614 4821 et
1641 4703 1715 4783 hoc
1743 4702 1970 4806 intelligatur
1999 4706 2028 4784 si
2058 4704 2155 4786 dicta

473 4849 477 4855 ⁸
558 4883 716 4961 persona
745 4854 930 4960 inculpata
957 4855 1017 4935 uel
1046 4877 1215 4936 accusata
1242 4848 1322 4938 non
1341 4845 1509 4971 habuerit
1527 4858 1566 4938 in
1585 4859 1740 4939 haennis
1758 4860 1856 4939 unde
1876 4837 1997 4940 soluat
2017 4861 2155 4942 dictam

558 5043 705 5119 penam.
735 5033 772 5094 et
800 5016 831 5095 si
859 5014 955 5094 dicta
983 5041 1142 5118 persona
1170 5033 1338 5096 accusata
1366 4993 1632 5122 contempserit
1660 5045 1873 5123 comparere
1902 5047 2029 5099 coram
2057 5023 2155 5101 curia

558 5172 783 5252 haennarum
804 5172 849 5252 ad
877 5173 1119 5278 aquitandum
1147 5173 1289 5253 dictum
1317 5142 1482 5255 bannum
1511 5176 1742 5256 absentando
1771 5204 1809 5256 se
1838 5178 1884 5256 de
1909 5197 2004 5257 terra
2032 5179 2153 5292 taliter

559 5329 661 5436 quod
689 5332 846 5410 inueniri
875 5359 953 5411 non
982 5332 1121 5436 poterit
1150 5333 1187 5411 in
1216 5352 1310 5412 terra
1338 5361 1402 5438 per
1430 5334 1628 5413 dominum
1647 5353 1872 5439 potestatem
1901 5336 1961 5416 uel
1990 5339 2069 5417 eius
2098 5337 2156 5419 lo·

560 5507 850 5570 cumtenentem.
