4800 6698
254 667 275 720 2
423 561 534 726 DE
576 639 889 721 IMPONENDA
922 639 1058 720 PENA
1089 637 1208 720 NON
1247 574 1591 719 COMPARENTl
1627 637 1814 718 CORAM
1851 621 2015 718 POTE-v

579 798 758 879 STATE.

485 1014 667 1218 Qun
685 1133 864 1195 statutum
892 1134 948 1195 est
976 1114 1076 1219 quod
1104 1132 1270 1219 potestas
1297 1113 1356 1194 uel
1386 1115 1464 1194 eius
1483 1113 1609 1194 locum
1636 1133 1768 1194 tenens
1795 1141 1873 1194 non
1896 1115 2014 1219 possit

425 1274 617 1378 imponere
645 1299 779 1378 penam
816 1299 894 1352 non
931 1272 1159 1376 comparenti
1193 1298 1319 1351 coram
1356 1297 1404 1351 eo
1431 1270 1477 1350 ad
1513 1272 1675 1375 primum
1714 1273 1892 1351 nuncium
1920 1271 2013 1352 ultra

425 1430 587 1510 solidum
605 1458 628 1510 1.
649 1430 716 1537 (4)
736 1449 772 1509 et
791 1430 836 1510 ad
856 1429 1059 1509 secundum
1079 1428 1221 1509 solidos
1240 1457 1290 1509 111.
1312 1449 1348 1508 et
1367 1431 1397 1509 si
1421 1456 1498 1507 non
1518 1430 1764 1533 comparuerit
1789 1429 1835 1509 ad
1856 1431 2012 1509 tercium

423 1590 601 1668 nuncium
637 1608 824 1694 expectata
856 1589 966 1668 tercia
995 1590 1180 1668 citatione.
1220 1587 1340 1668 soluat
1367 1614 1435 1692 pro
1463 1615 1557 1692 pena
1584 1587 1727 1667 solidos
1760 1614 1797 1666 v.
1836 1588 1906 1668 nisi
1940 1590 2013 1668 hoc

423 1745 527 1825 lieret
565 1747 761 1826 occasione
794 1746 945 1825 alicuius
982 1745 1153 1825 maleficii
1191 1745 1251 1824 uel
1283 1747 1372 1825 rixe.
1402 1746 1440 1824 in
1483 1772 1558 1849 quo
1591 1771 1676 1824 casu
1708 1744 1801 1824 ultra
1833 1745 2013 1850 predictas

425 1905 646 2009 quantitates
681 1931 815 2009 penam
852 1906 1044 2009 imponere
1077 1905 1205 2009 possit.
1240 1906 1312 1983 hoc
1346 1903 1536 1983 intellecto
1568 1903 1669 2008 quod
1698 1905 1736 1982 in
1768 1903 1890 1982 verbis
1922 1903 2013 1982 iniu-

424 2064 532 2142 riosis
569 2062 789 2168 separandis.
824 2090 901 2143 non
933 2063 1051 2167 possit
1082 2064 1274 2166 imponere
1312 2088 1447 2166 penam
1483 2061 1577 2140 ultra
1615 2060 1758 2141 solidos
1794 2088 1830 2139 v.
1865 2061 1903 2139 in
1937 2087 2013 2140 ma-

424 2220 551 2301 leficiis
570 2240 694 2300 autem
713 2248 791 2300 non
808 2223 926 2326 possit
946 2222 1136 2326 imponere
1155 2247 1289 2325 penam
1309 2221 1346 2298 in
1364 2221 1544 2324 preceptis
1559 2238 1595 2298 et
1610 2219 1719 2299 cridis
1733 2219 1826 2298 ultra
1845 2238 2012 2324 quartam

422 2399 564 2484 partem
599 2380 811 2484 quantitatis
842 2406 936 2483 pene
970 2378 1141 2459 maleficii
1174 2380 1277 2457 cuius
1305 2379 1500 2458 occasione
1537 2377 1670 2457 fuerint
1703 2377 1798 2457 dicta
1830 2395 2011 2482 precepta.

423 2557 460 2616 et
495 2539 524 2617 si
561 2538 654 2617 ultra
690 2537 892 2643 predictam
933 2538 1175 2642 quantitatem
1194 2615 1198 2624 ,
1219 2538 1427 2641 imponeret
1463 2563 1597 2641 penam
1633 2535 1694 2614 uel
1733 2537 1907 2614 bannum.
1944 2535 2042 2642 (5)

422 2695 541 2774 valeat
570 2694 692 2774 saltim
719 2696 757 2774 in
785 2721 832 2776 eo
860 2695 897 2773 in
925 2722 1000 2798 quo
1029 2696 1220 2799 imponere
1247 2713 1401 2798 poterat.
1422 2718 1465 2788 (s)
1483 2719 1509 2772 si
1528 2736 1591 2773 uero
1609 2719 1702 2790 aliquis
1721 2719 1814 2773 citatus
1832 2718 1910 2772 nent
1931 2719 2012 2772 nibus

423 2854 521 2907 uicibus
541 2853 712 2923 personaliter
730 2854 868 2908 occasione
880 2853 988 2907 alicuius
1000 2852 1123 2906 maleficii
1135 2865 1162 2906 et
1174 2869 1228 2907 non
1242 2851 1417 2922 comparuerit
1428 2852 1554 2905 habeatur
1567 2869 1614 2921 pro
1626 2850 1747 2905 confesso
1765 2863 1792 2905 et
1804 2851 2012 2922 condempnetur

422 2989 558 3047 tamquam
583 2978 715 3031 confessus
734 2988 760 3030 et
778 2977 947 3031 conuictnsa
970 2994 1020 3047 qua
1046 2976 1268 3030 condemnatione
1291 2975 1441 3030 nullatenus
1469 2975 1613 3045 appelletur
1637 2976 1698 3029 licet
1717 2976 1743 3028 in
1770 2975 1862 3028 ultima
1887 2975 2012 3030 citatione

424 3100 505 3170 possit
523 3116 597 3152 suam
616 3100 811 3153 contumaciam
831 3115 940 3169 purgare
959 3099 1089 3153 soluendo
1108 3115 1188 3168 penas
1207 3099 1289 3168 prime
1309 3110 1335 3151 et
1353 3097 1467 3152 secunde
1486 3098 1624 3173 citationis.

421 3409 533 3574 DE
585 3487 823 3573 PERSONA
873 3487 982 3583 QUE
1034 3485 1246 3568 FECERIT
1294 3486 1458 3565 ALIAM
1508 3483 1788 3565 PERSONAM
1839 3481 2012 3563 CITARI

578 3647 765 3729 CORAM
807 3646 973 3727 CURIA.

485 3865 579 4068 Q
589 3982 667 4037 Ten
696 3974 873 4037 statutum
902 3975 957 4036 est
985 3956 1085 4061 quod
1115 3957 1144 4034 si
1172 3954 1292 4059 aliqua
1319 3982 1475 4060 persona
1504 3955 1549 4036 de
1577 3956 1730 4036 baennis
1757 3957 1882 4037 lecerit
1909 3958 2009 4036 citari

422 4112 582 4219 aliquam
610 4115 719 4194 aliam
747 4142 944 4220 personam
972 4142 1098 4195 coram
1126 4115 1224 4193 curia
1251 4114 1296 4194 ad
1324 4114 1509 4194 banchum
1536 4115 1690 4194 rationis
1717 4134 1754 4195 et
1780 4142 1937 4220 persona
1965 4117 2012 4194 ci-

422 4288 497 4350 tata
525 4289 561 4350 et
589 4272 761 4375 requisita
790 4272 1035 4376 comparuerit
1063 4289 1100 4351 et
1128 4270 1189 4350 illa
1216 4298 1287 4375 que
1316 4298 1399 4351 eam
1427 4272 1528 4350 citari
1556 4271 1680 4351 fecerit
1708 4290 1744 4351 et
1772 4272 1905 4377 requiri
1933 4298 2011 4352 non

423 4430 668 4533 comparuerit
695 4457 716 4507 a
744 4456 852 4508 mane
880 4456 996 4533 usque
1015 4428 1060 4508 ad
1079 4430 1230 4508 terciam
1250 4447 1286 4508 et
1308 4457 1329 4507 a
1348 4455 1447 4508 nona
1474 4456 1590 4533 usque
1618 4428 1663 4508 ad
1693 4456 1863 4534 uesperas
1891 4430 2011 4511 soluat

422 4612 490 4690 pro
518 4585 642 4666 banno
672 4585 814 4666 solidos
842 4613 878 4665 11.

422 4944 534 5109 DE
570 5022 807 5106 PERSONA
835 5021 1042 5102 CITATA.

541 5306 573 5433 'ri-⁵
587 5352 665 5407 Ten
685 5327 715 5406 si
734 5325 854 5431 aliqua
872 5351 1029 5430 persona
1049 5325 1095 5405 de
1114 5325 1267 5404 baennis
1286 5325 1393 5403 citata
1408 5323 1515 5404 luerit
1529 5350 1655 5403 coram
1670 5325 1767 5402 curia
1786 5323 2012 5403 baennarum

421 5483 660 5588 personaliter
698 5486 775 5564 siue
803 5484 848 5564 ad
880 5483 1037 5564 domum
1065 5484 1103 5563 in
1131 5511 1201 5588 qua
1239 5481 1377 5563 habitat
1405 5484 1434 5562 si
1462 5482 1523 5562 illa
1560 5500 1670 5562 nocte
1699 5482 1861 5562 indicta
1894 5482 2011 5562 domo
