4800 6698
470 518 472 522 Β
551 540 617 618 sub
636 563 731 641 pena
750 532 959 615 solidorum
979 559 1017 612 111
1035 558 1103 636 pro
1122 528 1285 635 qualibet
1312 555 1471 634 persona
1499 523 1657 632 quocies
1686 544 1812 640 contra
1839 524 1976 606 lecerit.
1998 547 2036 609 et
2059 547 2156 609 stan·
2242 532 2244 535 ’

552 697 710 774 ciatores
723 710 916 772 teneantur
932 692 1141 770 iuramento
1155 714 1338 768 recercare
1353 688 1458 766 omni
1474 686 1671 767 edomada.
1688 686 1805 767 semel
1819 687 1865 766 ad
1880 682 2005 767 minus
2020 715 2156 770 onmes

552 853 673 956 pintas
692 850 759 957 (6)
788 868 824 929 et
852 875 987 954 panem
1015 847 1154 928 lactum
1181 845 1227 927 ad
1255 844 1497 926 uendendum
1514 864 1651 926 totum.
1673 872 1759 925 cum
1778 846 1905 949 aliquo
1925 848 2066 927 nuncio
2085 875 2156 952 po-

452 991 454 995 i
552 1011 707 1091 testatis.
737 1009 783 1089 Et
810 1035 979 1088 accusare
999 1033 1136 1089 omnes
1159 1032 1337 1110 personas
1362 1032 1434 1109 que
1463 1005 1639 1085 iniustam
1666 1006 1809 1109 pintam
1836 1004 1897 1085 uel
1925 1032 2155 1086 mensuram.

553 1166 613 1247 uel
641 1194 777 1273 panem
804 1167 962 1245 minoris
989 1164 1166 1270 ponderis
1193 1162 1388 1243 habuerint
1416 1161 1476 1242 uel
1495 1162 1676 1242 dederint.
1696 1164 1743 1242 Et
1762 1163 2029 1244 nichilominus
2051 1183 2157 1247 totus

554 1326 659 1430 panis
686 1326 748 1429 qui
776 1342 942 1428 repertus
969 1322 1077 1402 luerit
1104 1323 1261 1402 minoris
1288 1321 1476 1426 ponderis.
1514 1320 1680 1425 pondere
1709 1322 1763 1400 eis
1790 1321 1880 1400 dato
1907 1349 1971 1426 per
2000 1323 2156 1402 stancia·

553 1503 655 1563 tores
683 1482 853 1587 perdatur
881 1499 918 1561 et
945 1481 1135 1585 perueniat
1162 1479 1316 1560 dimidia
1343 1480 1531 1584 potestati.
1552 1497 1589 1559 et
1608 1479 1748 1584 reliqua
1776 1479 1932 1560 dimidia
1961 1482 2157 1561 stanciato·

556 1641 668 1720 ribus.
697 1638 744 1718 Et
772 1639 873 1743 quod
901 1657 1006 1718 totus
1032 1639 1137 1743 panis
1164 1638 1226 1742 qui
1260 1636 1326 1717 fiet
1361 1636 1407 1715 ad
1444 1636 1685 1716 uendendum
1714 1636 1846 1716 debeat
1863 1638 2015 1742 *signari
2044 1666 2065 1717 a
2092 1636 2158 1717 bo·

555 1798 759 1902 lengheriis
788 1798 899 1901 signo
937 1783 990 1877 eis
1025 1796 1114 1875 dato
1150 1824 1171 1875 a
1210 1794 1504 1876 stanciatoribus.
1542 1814 1579 1875 et
1606 1797 1636 1875 si
1665 1823 1736 1900 qua
1764 1822 1922 1899 persona
1949 1796 2176 1877 uendiderit.

556 1984 693 2062 panem
722 1983 800 2036 non
828 1957 1018 2060 signatum
1047 1954 1353 2059 signo-predicto
1382 1952 1504 2033 soluat
1530 1981 1598 2058 pro
1625 1981 1721 2058 pena
1755 1954 1920 2059 qualibet
1956 1954 2038 2034 uice
2067 1953 2158 2035 soli-

557 2115 627 2194 dos
656 2140 693 2194 111
723 2132 759 2193 et
786 2115 931 2193 amittat
959 2113 1099 2192 dictum
1137 2138 1283 2216 panem.
1312 2112 1360 2192 Et
1388 2109 1550 2217 quelibet
1586 2140 1743 2217 persona
1775 2115 1895 2218 possit
1931 2114 2018 2193 inde
2055 2141 2159 2194 accu-

557 2299 648 2352 sare.
679 2289 716 2351 et
744 2272 778 2351 ei
807 2273 1015 2351 iuramento
1044 2270 1211 2351 credatur
1240 2290 1276 2350 et
1303 2272 1437 2351 habeat
1463 2273 1611 2351 tertiam
1640 2291 1782 2376 partem
1811 2270 1935 2351 banni.
2022 2372 2024 2374 v

367 2652 434 2729 141
549 2522 751 2729 QUOD
778 2605 951 2689 UINUM
977 2604 1264 2688 UENDATUR
1290 2605 1363 2687 AD
1391 2604 1606 2687 PINTAM.

614 2821 796 3024 &grau
824 2926 1004 3009 statutum
1042 2950 1078 3009 et
1113 2929 1326 3009 ordinatum
1355 2950 1411 3010 est
1438 2930 1541 3035 quod
1569 2932 1608 3010 in
1636 2930 1790 3012 baennis
1817 2932 1949 3011 uinum
1978 2932 2161 3012 uendatur

555 3089 606 3168 ’ad
635 3089 778 3193 pintam
806 3088 852 3167 ad
881 3114 993 3191 quam
1021 3086 1193 3167 uenditur
1221 3089 1259 3166 in
1287 3106 1355 3167 ast.
1384 3087 1444 3167 uel
1472 3089 1510 3167 in
1538 3086 1738 3170 clarascho.
1767 3058 1817 3168 ita
1845 3090 1947 3194 quod
1975 3091 2077 3195 pinta
2112 3091 2160 3171 sit

560 3264 663 3326 tanta
692 3220 770 3325 siue
799 3247 1015 3348 iramagna
1043 3209 1136 3324 sicut
1164 3263 1220 3325 est
1247 3246 1349 3350 pinta
1368 3246 1525 3326 astensis
1542 3245 1604 3326 uel
1628 3245 1901 3327 claraschensis.
1930 3250 1976 3328 Et
2004 3248 2160 3354 quilibet

562 3405 609 3484 de
638 3404 800 3484 baennis'
827 3403 946 3508 possit
977 3403 1139 3482 uendere
1175 3404 1316 3508 pintam
1352 3404 1431 3483 uini
1467 3423 1646 3509 quantum
1683 3405 1854 3485 uoluerit.
1883 3406 1930 3486 Et
1958 3427 2159 3512 postquam

562 3561 693 3642 cridari
730 3559 855 3640 lecerit
891 3562 1021 3640 uinum
1059 3560 1137 3640 siue
1174 3562 1317 3666 pintam
1353 3589 1421 3666 pro
1458 3582 1561 3642 certo
1594 3563 1725 3667 pretio.
1762 3565 1838 3669 pro'
1859 3564 1996 3645 eodem
2024 3566 2178 3669 pretio>

562 3746 755 3825 quousque
787 3719 918 3798 uinum
951 3718 1146 3798 uenditum
1179 3717 1298 3798 luerit.
1332 3721 1474 3825 pintam
1505 3720 1666 3801 uendere
1703 3723 1881 3802 teneatur.
1920 3742 1957 3802 et
1990 3742 2160 3804 teneatur

563 3904 778 3957 mensurare
805 3876 1034 3956 tabernarius
1060 3875 1106 3955 ad
1135 3878 1278 3982 pintam
1306 3876 1367 3958 uel
1395 3892 1607 3983 mensuram
1635 3882 1748 3984 partis
1775 3881 1877 3986 pinte
1906 3880 2057 3962 cuilibet
2083 3910 2161 3988 per-

564 4060 668 4118 sone.
698 4012 765 4116 sub
794 4063 888 4141 pena
916 4034 1125 4116 solidorum
1152 4063 1202 4116 u1.
1231 4064 1300 4140 pro
1327 4035 1489 4143 qualibet
1517 4039 1609 4118 uice.
1638 4039 1685 4118 Et
1714 4029 1949 4120 stantiatores
1985 4042 2160 4122 comunis
2270 4035 2272 4039 η

563 4194 721 4276 habeant
749 4194 887 4275 dictam
914 4195 1068 4299 pintam.
1089 4213 1126 4274 et
1144 4195 1263 4300 ipsam
1290 4197 1433 4300 pintam
1461 4196 1569 4276 dictis
1596 4195 1810 4278 tabernariis
1837 4198 1923 4278 dare
1951 4218 2158 4287 teneantur.

563 4353 611 4433 Et
638 4353 710 4431 hoc
739 4351 940 4457 capitulum
968 4350 1095 4432 locum
1123 4353 1256 4432 habeat
1283 4355 1321 4432 in
1349 4351 1423 4433 illis
1440 4355 1610 4459 personis
1627 4382 1699 4459 que
1719 4355 1885 4436 uendunt
1904 4357 1950 4437 ad
1970 4359 2159 4438 minutum

563 4510 610 4591 de
638 4510 787 4615 proprio
828 4512 931 4591 uino.
975 4529 1011 4590 et
1053 4538 1131 4591 non
1172 4511 1219 4591 de
1261 4510 1341 4591 aliis
1370 4513 1407 4591 in
1436 4540 1484 4594 eo
1512 4513 1613 4616 quod
1645 4515 1791 4618 possint
1827 4515 1988 4596 uendere
2015 4518 2160 4621 pintam

565 4686 746 4772 quantum
775 4668 973 4747 uoluerint.

373 5043 443 5116 142
554 4930 665 5098 DE
692 5014 887 5095 EODEM.

621 5231 800 5433 Qun
828 5351 1006 5412 statutum
1025 5350 1081 5412 est
1108 5333 1210 5436 quod
1238 5331 1360 5437 aliqua
1387 5360 1545 5438 persona
1585 5361 1657 5439 que
1698 5334 1906 5416 uendiderit
1948 5337 2079 5416 uinum
2111 5335 2158 5416 ad

565 5489 752 5585 minutum
780 5491 816 5569 iu
845 5490 999 5571 baennis
1026 5518 1104 5570 non
1131 5491 1251 5595 possit
1277 5490 1447 5571 uendere¹
1466 5493 1589 5597 ipsum
1617 5494 1748 5573 uinum
1776 5492 1822 5573 ad
1855 5494 2043 5573 minutum
2086 5492 2158 5575 nisi
