4800 6698
513 467 550 566 f·
647 515 710 573 uxi.
749 455 823 618 De
846 506 955 574 bestiis
980 506 1106 573 bouinis
1129 528 1196 573 non
1219 505 1408 573 habentibus
1432 528 1551 573 cornua
1574 522 1712 572 scurzata
1736 503 1967 572 offendentibus
1990 503 2077 570 alias.

512 715 548 815 f·
635 770 708 819 Lxlt.
750 702 824 865 De
847 754 1025 820 iuramento
1048 753 1282 840 campanorum
1306 754 1482 820 uinearum.

511 960 548 1060 f·
622 1017 705 1065 uxvt.
747 946 821 1110 De
844 1020 906 1065 oue
930 1015 960 1064 et
984 1019 1077 1086 capta
1099 999 1240 1065 inuentis
1263 999 1296 1064 in
1321 945 1424 1065 alieno
1448 997 1599 1086 dampno.

747 1193 821 1356 De
845 1265 936 1332 capra
960 1261 991 1311 et
1015 1243 1084 1310 aliis
1108 1243 1216 1311 bestiis
1238 1246 1377 1312 inuentis
1400 1246 1434 1312 in
1458 1244 1567 1312 alienis
1591 1246 1703 1312 uineis.

511 1450 548 1549 f·
613 1481 709 1553 vau.
750 1439 824 1600 De
846 1514 911 1559 non
935 1490 1073 1559 tenendo
1096 1490 1213 1558 bestias
1235 1490 1404 1579 porchinas
1421 1490 1459 1558 ad
1475 1491 1640 1558 iacendum
1657 1509 1744 1558 extra
1759 1490 1870 1558 uillam
1885 1488 2092 1558 baennarum.

510 1695 547 1795 f·
601 1751 706 1798 Luam.
749 1685 823 1846 De
845 1737 1020 1825 poscheriis
1046 1755 1078 1802 et
1101 1736 1257 1803 vacheriis
1280 1737 1438 1803 comunis.

510 1941 547 2040 f·
588 1998 704 2054 nxxvu.
744 1926 882 2112 Quod
905 1982 1056 2069 camparii
1080 1980 1275 2048 baennarum
1299 1997 1463 2047 teneantur
1487 1981 1611 2048 soluere
1633 2003 1746 2048 corum
1769 1981 1932 2051 emendas.

515 2461 682 2562 collatio
705 2502 805 2559 sexta
827 2498 986 2560 videlicet
1009 2500 1051 2560 de
1075 2498 1237 2562 omnibus
1259 2499 1367 2577 pratis
1389 2504 1424 2561 et
1445 2501 1555 2564 vineis
1578 2503 1677 2563 etde
1702 2503 1868 2566 omnibus
1891 2505 2052 2581 capitulis
2071 2512 2105 2567 et

509 2639 757 2701 ordinamentis
781 2640 826 2702 ud
851 2639 1005 2715 predicta
1027 2639 1278 2716 pertinentibus
1301 2645 1340 2704 ut
1362 2641 1454 2704 infra
1478 2642 1683 2706 continetur.

508 2976 546 3075 f·
617 3031 705 3078 xum.
747 2966 822 3088 De
846 3014 996 3082 conzeliis
1019 3036 1085 3081 non
1108 3013 1269 3082 faciendis.

508 3221 545 3320 f·
608 3279 706 3325 xxnn.
748 3208 884 3391 Quod
907 3260 1100 3328 laboratores
1122 3258 1221 3326 nichil
1235 3277 1364 3348 portent
1385 3258 1426 3326 de
1449 3260 1562 3327 vineis.

746 3454 882 3624 Quod
905 3507 1009 3597 aliqua
1031 3528 1167 3596 persona
1190 3528 1256 3573 non
1279 3507 1382 3594 capiat
1415 3525 1589 3574 sarmentus
1612 3530 1671 3576 nec
1694 3510 1798 3599 aliqua
1831 3512 1916 3601 ligna
1938 3515 1972 3582 in
1995 3517 2098 3584 vineis

912 3675 1031 3742 alienis.

746 3863 820 4036 De
843 3912 917 3979 feno
940 3934 1006 3979 non
1029 3907 1224 3978 extrahendo
1247 3924 1334 3974 extra
1357 3906 1456 3975 finem
1481 3908 1685 3980 baennarum.

508 4132 545 4232 f.
630 4190 703 4235 xxv.
743 4110 820 4283 De
843 4182 909 4227 non
932 4159 1037 4227 eundo
1060 4182 1116 4248 per
1138 4161 1277 4230 alienum
1300 4181 1426 4252 pratum
1442 4164 1585 4230 antinum
1608 4179 1717 4229 ortum
1741 4179 1772 4228 et
1793 4161 1923 4228 vineam
1947 4159 2096 4226 alienam.

508 4379 545 4478 f.
617 4436 703 4482 xxv1,
745 4356 821 4529 De
845 4406 952 4495 bropis
976 4428 1043 4472 non
1066 4406 1263 4474 aufferendis.

744 4602 820 4773 De
843 4654 962 4723 canabo
978 4651 1139 4721 saluando.

745 4847 819 5020 De
842 4898 988 4966 euntibus
1011 4921 1070 4986 pro
1094 4898 1259 4986 magloriis
1282 4900 1315 4965 in
1338 4896 1449 4964 alienis
1472 4897 1585 4963 uineis.

743 5093 818 5263 De
842 5144 961 5212 iiaturis
984 5145 1151 5211 uinearum
1174 5165 1241 5210 non
1263 5142 1434 5232 capiendis.

507 5354 545 5454 f.
607 5413 704 5460 xxvu.
743 5339 818 5461 De
841 5413 1015 5479 cauezagna
1038 5388 1191 5458 facienda.
