4800 6696
146 564 151 573 ·
232 624 234 629 Δ
341 501 377 600 f·
471 556 537 604 xm.
573 490 648 613 De
672 541 859 606 excussione
883 538 1053 605 bonorum.

339 748 376 846 f·
460 801 536 849 xvn.
575 735 650 896 De
674 783 807 856 muliere
831 806 848 849 a
871 801 957 872 patre
980 782 1096 848 dotata.

571 977 710 1158 Quod
734 1046 871 1095 mercata
894 1027 1056 1115 palmitata
1079 1025 1287 1093 attendantur.

338 1238 376 1335 f.
445 1292 534 1339 xvn1.
573 1225 711 1408 Quod
735 1276 839 1343 nullus
862 1275 963 1342 homo
989 1274 1181 1342 baennarum
1205 1275 1305 1363 possit
1328 1295 1396 1340 esse
1411 1290 1597 1361 procurator
1615 1263 1761 1341 extranee
1778 1294 1921 1360 persone.

575 1471 712 1646 Quod
735 1521 869 1610 capitula
893 1519 1107 1609 intelligantur
1131 1519 1225 1586 saluis
1249 1519 1369 1586 iuribus
1393 1518 1518 1586 domini
1540 1519 1690 1606 episcopi.

336 1724 374 1823 f.
432 1780 533 1829 xvuu.
568 1716 710 1893 de
744 1769 976 1835 constituantur
1009 1769 1063 1856 qui
1096 1765 1306 1854 respondeant
1339 1767 1372 1831 in
1406 1764 1536 1833 baennis
1559 1786 1618 1852 pro
1646 1764 1806 1830 extraneis
1830 1784 1924 1850 super

746 1935 845 2002 taleis.

573 2121 648 2278 De
671 2174 810 2239 termino
834 2173 868 2238 in
892 2193 988 2259 quem
1012 2168 1250 2258 procedendum
1273 2187 1320 2236 est
1333 2186 1415 2267 ‘post
1438 2171 1649 2235 saximentum
1675 2166 1803 2234 factum.

334 2371 372 2469 f.
444 2427 531 2476 xxm.
572 2369 648 2522 De
670 2419 815 2508 personis
839 2439 900 2504 que
923 2415 1038 2482 debent
1061 2414 1135 2482 dare
1157 2436 1216 2503 pro
1239 2415 1342 2502 pretio
1365 2413 1496 2481 alicuius
1519 2415 1565 2479 rei
1588 2413 1647 2479 alie
1670 2434 1813 2500 persone.

270 2762 271 2765 Ἴ
334 2615 528 2719 lixxxvrn.
572 2612 648 2766 De
671 2660 857 2749 expulsione
881 2659 1101 2747 possessionis.

245 2953 248 2957 .
333 2857 371 2955 f·
411 2913 532 2962 vallss.
574 2855 650 3008 De
674 2907 819 2994 personis
843 2905 997 2971 extraneis
1021 2903 1094 2969 dare
1118 2901 1304 2970 debentibus
1328 2903 1421 2970 alicui
1444 2903 1483 2971 de
1506 2901 1645 2971 baennis.

331 3102 370 3200 f·
501 3159 530 3205 1..
574 3101 649 3252 De
672 3173 808 3239 persona
835 3149 1067 3242 condempnata
1091 3172 1152 3237 que
1174 3150 1276 3237 possit
1298 3148 1465 3237 appellare.

333 3345 371 3444 f.
480 3404 532 3450 Lu.
574 3345 649 3497 De
671 3397 816 3483 personis
840 3396 1041 3483 interrogatis
1065 3396 1098 3461 in
1121 3395 1190 3461 iure
1214 3394 1253 3461 ad
1275 3395 1459 3461 instantiam
1483 3393 1618 3461 alterius.

573 3591 649 3747 De
672 3640 920 3707 interlocutoriis
944 3641 1106 3727 appositis.

571 3836 647 3992 De
671 3887 773 3952 citaris
796 3907 852 3972 per
875 3885 1010 3951 nuncios
1033 3887 1182 3952 comunis
1204 3883 1413 3972 personaliter
1436 3884 1487 3950 uel
1508 3906 1565 3972 per
1587 3883 1692 4010 literas
1714 3886 1888 3973 potestatis.

333 4086 370 4184 f·
453 4143 528 4189 nun.
566 4080 647 4236 ‚De
669 4132 825 4220 preceptis
848 4130 938 4196 factis
962 4151 1017 4217 per
1040 4147 1229 4217 potestatem
1253 4128 1292 4195 ad
1315 4131 1497 4197 instantiam
1530 4128 1660 4197 alicuius
1684 4152 1830 4218 persone.

565 4323 705 4492 Quod
729 4374 904 4443 habitantes
928 4358 1122 4441 baennarum
1145 4397 1209 4440 non
1232 4377 1359 4462 possint
1381 4397 1528 4442 accusare
1552 4375 1670 4464 aliquas
1693 4399 1845 4465 personas
1869 4377 1920 4445 uel

692 4541 807 4608 bestias
831 4542 894 4608 nisi
917 4542 949 4607 in
972 4540 1112 4608 baennis.

330 4727 368 4825 f·
465 4785 528 4830 LVI·
569 4725 705 4896 Quod
728 4776 831 4865 aliqua
855 4798 990 4864 persona
1024 4777 1063 4843 de
1098 4776 1227 4843 baennis
1261 4799 1328 4844 non
1361 4799 1395 4843 se
1430 4775 1548 4865 obliget
1571 4800 1629 4864 pro
1653 4778 1755 4868 aliqua
1783 4801 1919 4868 persona

682 4962 838 5010 extranea.

329 5138 367 5236 f.
450 5194 526 5240 uvu.
568 5127 705 5296 Quod
727 5178 810 5245 filius
835 5178 971 5245 familias
994 5201 1061 5246 non
1083 5181 1185 5267 possit
1208 5202 1242 5246 se
1266 5179 1407 5270 obligare
1430 5182 1465 5247 in
1487 5179 1588 5270 aliqua
1612 5181 1750 5248 taberna.

328 5382 365 5481 f·
473 5437 525 5485 Lx.
566 5374 644 5532 De
667 5447 734 5493 non
757 5423 932 5491 iurantibus
956 5424 989 5490 in
1013 5423 1170 5513 aliquibus
1193 5427 1363 5493 contractis
1388 5428 1685 5495 instrumentorum.

563 5644 586 5684 at
