4800 6698
956 246 1203 348 sarran
1241 350 1257 382 ‚

98 677 167 756 343
286 563 396 727 Dr
424 646 542 726 nou
570 646 889 727 [neroniano
908 649 1040 728 tuan
1068 649 1318 731 eruuntur
1345 651 1767 735 mensurarum.
1897 627 1911 709 Γ

360 868 441 929 *raud

356 888 434 1044 illa
452 988 530 1045 rant
559 983 736 1044 statutum
774 985 830 1044 est
862 965 963 1070 quod
1005 965 1104 1044 nulla
1145 994 1303 1070 persona
1346 969 1463 1072 possit
1505 987 1630 1048 tenere
1658 967 1717 1048 uel
1746 997 1884 1073 ponere

293 1123 417 1229 aliquo
447 1122 565 1202 modo
606 1122 665 1201 uel
708 1123 863 1225 ingenio
905 1122 1054 1227 aliquod
1088 1123 1279 1226 lignamen
1308 1124 1368 1204 uel
1397 1124 1498 1228 ligna
1527 1125 1647 1230 aliqua
1675 1125 1797 1229 paleas
1825 1125 1885 1206 uel

294 1282 441 1362 leamen
479 1280 619 1385 lapides
656 1281 715 1360 uel
752 1280 889 1385 aliquid
927 1279 1024 1360 aliud
1062 1283 1371 1386 impedimentum
1410 1283 1534 1387 aliquo
1563 1303 1731 1387 tempore
1760 1285 1796 1362 in
1826 1285 1885 1363 uia

291 1441 415 1544 puntis
442 1438 593 1543 pemalli
622 1438 712 1519 inlra
739 1438 883 1541 ayralia.
915 1467 934 1517 a
963 1438 1103 1518 fossato
1131 1439 1307 1541 ayralium
1337 1440 1524 1543 usquead
1554 1460 1709 1545 pontem
1738 1442 1800 1545 qui
1829 1460 1922 1521 est2

293 1600 393 1677 iuxta
421 1597 543 1698 ayrale
572 1597 668 1676 siulfi
697 1598 851 1675 cortexii
889 1597 955 1675 sub
1003 1625 1095 1700 pena
1142 1597 1349 1676 solidorum
1378 1626 1414 1677 111
1442 1625 1510 1702 pro
1539 1598 1700 1703 qualibet
1727 1625 1885 1702 persona

292 1757 446 1861 quocies
474 1756 739 1834 contrafecerit.
770 1757 814 1833 Et
843 1754 1003 1860 quelibet
1030 1783 1187 1859 persona
1216 1757 1355 1835 habens
1382 1755 1531 1861 aliquod
1561 1757 1883 1861 impedimentum.

203 1992 207 1996 .
294 1912 355 1993 uel
384 1912 521 2018 aliquid
551 1915 596 1993 de
626 1941 695 1992 suo
723 1915 761 1993 in
790 1914 885 1992 dicta
912 1915 971 1993 uia
1002 1913 1090 1992 illud
1118 1914 1250 1994 debeat
1277 1913 1430 1994 aufferre
1451 1933 1486 1993 et
1506 1914 1688 2018 expedire.
1710 1915 1759 1992 ita
1783 1913 1884 2018 quod

293 2071 390 2150 dicta
419 2073 477 2150 u'ia
507 2098 652 2174 semper
680 2092 866 2150 remaneat
895 2071 1063 2175 expedita
1093 2091 1132 2150 ut
1160 2071 1301 2150 dictum
1335 2092 1402 2151 est.

98 2463 172 2543 344
287 2346 395 2528 DE
423 2425 683 2505 LAPIDIBUS
711 2425 830 2508 NON
858 2426 1176 2509 PROICIENDIS
1202 2428 1258 2508 IN
1286 2427 1393 2507 VIIS.

348 2641 529 2843 {grear
558 2774 820 2834 statutum-est
848 2757 948 2858 quod
978 2754 1077 2833 nulla
1118 2741 1277 2858 persona
1316 2755 1470 2858 proiciat
1497 2753 1556 2833 uel
1585 2774 1698 2858 ponat
1740 2754 1884 2859 aliquos

292 2913 432 3018 lapides
460 2915 497 2992 in
526 2912 761 3018 infrascriptis
788 2914 859 2992 viis
886 2912 1052 3017 publicis.
1080 2912 1254 2991 videlicet
1282 2912 1326 2991 ab
1356 2912 1562 2991 inl‘ermeria
1591 2913 1658 3019 (1)
1686 2941 1801 3018 usque
1845 2914 1883 2993 in

293 3074 410 3176 capite
440 3072 498 3151 uel
528 3073 663 3151 cimam
693 3083 861 3150 montate
891 3072 1004 3151 sancti
1035 3072 1113 3150 sisti
1142 3070 1220 3177 (2).
1250 3098 1318 3149 nec
1346 3070 1390 3150 ab
1420 3072 1583 3174 introytu
1612 3090 1780 3150 montate
1810 3098 1882 3176 que

293 3251 348 3311 est
377 3232 477 3310 iuxta
514 3232 681 3309 autinum
718 3231 856 3309 henrici
894 3229 1050 3309 carnalie
1087 3257 1202 3333 usque
1238 3231 1275 3308 in
1313 3232 1430 3334 capite
1458 3229 1517 3308 uel
1547 3231 1682 3315 cimam
1711 3248 1879 3310 montate
1929 3257 1930 3260 ’

291 3392 407 3470 sancti
436 3392 582 3493 georgii
611 3388 678 3496 (3)
707 3410 743 3468 et
772 3388 872 3493 quod
901 3388 1061 3493 quelibet
1088 3415 1245 3492 persona
1274 3415 1346 3492 quo
1373 3388 1626 3482 contrafecerit
1668 3388 1789 3471 soluat
1815 3417 1883 3493 pro

291 3576 385 3653 pena
415 3548 557 3628 solidos
586 3575 624 3628 111
651 3575 720 3652 pro
749 3546 909 3651 qualibet
937 3549 1029 3626 uice.
1050 3547 1096 3625 Et
1115 3548 1239 3626 banno
1268 3545 1394 3626 soluto
1422 3545 1688 3625 nichilominus
1716 3565 1883 3626 teneatur

290 3706 443 3787 aufferre
473 3707 588 3786 dictas
617 3704 756 3809 lapides
785 3703 875 3784 infra
893 3732 957 3784 vru
976 3706 1055 3784 dies
1073 3722 1272 3809 postquam
1301 3705 1565 3784 denunciatum
1593 3703 1701 3783 fuerit
1730 3705 1797 3782 sibi
1817 3702 1877 3782 uel

291 3885 504 3970 preceptum
534 3864 600 3943 sub
630 3863 760 3942 eadem
788 3890 894 3967 pena.
923 3864 969 3941 Et
997 3860 1158 3967 quelibet
1186 3889 1344 3966 persona
1371 3864 1489 3966 possit
1509 3854 1603 3941 ,inde
1632 3888 1813 3974 accusare.
1844 3879 1881 3940 et

292 4026 326 4104 ei
355 4025 564 4102 iuramento
593 4022 760 4100 credatur
789 4040 825 4100 et
852 4020 984 4100 habeat
1012 4021 1158 4099 tertiam
1185 4038 1326 4123 partem
1357 4021 1477 4099 banni.
1507 4021 1554 4099 Et
1581 4038 1745 4124 potestas
1763 4020 1883 4124 possit

291 4183 376 4262 inde
404 4183 597 4285 inquirere.

96 4567 143 4645 34
149 4565 165 4644 5
283 4446 423 4651 Qll
451 4525 714 4609 UOLUERlT
741 4525 1014 4609 PLANTARE
1041 4525 1287 4606 PLANTAS.

357 4771 434 4931 ‘lb
448 4890 527 4943 reru
555 4864 656 4968 quod
685 4862 846 4967 quelibet
873 4888 1030 4966 persona
1057 4888 1127 4966 que
1155 4860 1314 4940 uoluerit
1354 4859 1515 4965 plantare
1558 4859 1700 4965 plantas
1739 4858 1879 4963 aliquas

290 5049 396 5126 super
424 5022 661 5126 possessione
689 5048 765 5100 sua.
793 5021 912 5125 possit
939 5021 1036 5125 ipsas
1063 5018 1205 5124 plantas
1238 5046 1365 5124 capere
1394 5046 1501 5123 super
1543 5018 1707 5098 comuni.
1737 5015 1878 5096 scilicet

289 5180 365 5283 pira
394 5198 431 5257 et
458 5178 558 5281 myla
587 5198 623 5258 et
650 5176 776 5258 ulmos
812 5177 857 5256 ad
900 5203 1005 5257 suam
1045 5175 1278 5256 uoluntatem
1307 5177 1386 5256 sine
1414 5203 1509 5281 pena
1537 5194 1574 5254 et
1602 5176 1737 5254 banno.
1767 5172 1878 5253 saluis

288 5334 479 5415 arboribus
506 5335 640 5415 entatis
667 5362 774 5440 super
798 5335 967 5452 comuni.
1009 5360 1087 5414 non
1128 5332 1299 5413 obstante
1342 5350 1574 5412 sacramento
1616 5329 1714 5411 lacto
1742 5328 1803 5410 uel
1830 5329 1878 5409 la·
1914 5304 1921 5396 s

289 5492 434 5572 ciendo.
465 5519 571 5599 super
599 5493 814 5572 nemoribus
841 5494 978 5573 iuratis.
