4800 6696
315 622 389 721 364
501 531 613 697 DE
641 610 873 693 PRlUATlS
893 608 959 689 ET
980 606 1269 727 QUINTANIS
1297 604 1619 686 CLAUDENDIS
1638 601 1803 683 IUXTA
1831 599 2089 681 PLATEAM.

573 844 604 901 f>
620 848 657 898 aa

574 892 651 1019 lib
672 955 750 1010 ruit
770 947 947 1008 statutum
969 948 1024 1008 est
1052 929 1152 1032 quod
1182 928 1343 1033 quelibet
1371 956 1529 1034 persona
1548 929 1688 1009 habens
1714 930 1910 1034 quintanas
1939 959 2004 1010 seu
2031 933 2100 1037 pri-

509 1109 611 1167 uatas
640 1089 677 1166 in
706 1107 870 1166 contrata
900 1086 1017 1191 platee
1047 1086 1272 1166 baennarum
1301 1087 1433 1166 debeat
1462 1114 1524 1172 eas
1550 1087 1718 1166 claudere
1738 1107 1775 1166 et
1794 1114 1950 1167 murare.
1980 1088 2100 1169 taliter

509 1246 611 1352 quod
639 1241 734 1326 letor
762 1273 839 1326 non
868 1247 987 1350 possit
1016 1245 1101 1324 inde
1130 1271 1264 1325 nocere
1306 1246 1343 1324 in
1385 1245 1506 1348 aliqua
1547 1272 1619 1350 que
1647 1244 1754 1324 fuerit
1783 1248 1821 1324 in
1849 1245 1995 1350 plathea
2023 1276 2101 1352 pre-

511 1405 608 1485 dicta
637 1404 694 1484 uel
724 1405 790 1483 sub
820 1405 971 1508 porticis
999 1432 1070 1508 que
1099 1421 1184 1482 sunt
1212 1405 1313 1482 iuxta
1343 1402 1514 1507 plateam.
1536 1404 1603 1482 sub
1623 1431 1716 1508 pena
1736 1403 1945 1484 solidorum
1964 1432 2013 1485 tx
2032 1434 2100 1511 pro

512 1562 674 1667 qualibet
702 1589 859 1665 persona
887 1560 1184 1641 contralaciente.
1214 1583 1250 1640 et
1278 1561 1439 1666 qualibet
1468 1528 1560 1640 uice.
1591 1563 1636 1641 Et
1665 1580 1830 1666 potestas
1857 1582 2025 1644 teneatur
2053 1564 2100 1642 f-

513 1748 593 1800 cere
621 1720 788 1825 predicta
812 1721 998 1799 obseruari
1027 1738 1063 1798 et
1092 1719 1282 1824 compleri.
1312 1720 1357 1799 Et
1386 1721 1503 1823 possit
1523 1719 1569 1798 de
1589 1719 1763 1823 predictis
1787 1722 1969 1825 inquirere
1998 1724 2098 1827 quod

513 1877 628 1993 lacere
669 1878 748 1958 fieri
788 1896 955 1957 teneatur
997 1896 1161 1980 potestas
1199 1904 1312 1981 usque
1341 1877 1386 1956 ad
1415 1877 1550 1957 festum
1588 1878 1835 1983 carnispluuii.
1864 1880 1910 1958 Et
1938 1881 2101 1985 quelibet

511 2063 669 2141 persona
697 2037 815 2140 possit
844 2034 930 2113 inde
958 2061 1126 2113 accusare
1155 2056 1191 2113 et
1220 2037 1254 2113 ei
1283 2037 1491 2114 iurameuto
1520 2036 1698 2116 credatur.
1728 2037 1774 2116 Et
1802 2038 1934 2117 habeat
1953 2040 2100 2118 tertiam

512 2212 652 2297 partem
683 2194 803 2272 banni.
835 2210 872 2270 et
900 2194 1062 2270 bannum
1091 2192 1213 2271 excuti
1252 2194 1368 2296 possit
1401 2195 1647 2273 incontinenti
1686 2195 1765 2274 sine
1802 2194 2034 2276 deffensione
2065 2215 2102 2276 et

512 2350 866 2456 condempnatione.

319 2784 387 2882 365
502 2679 614 2845 Du
639 2758 879 2854 Fossnro
908 2756 1169 2837 unctuuoo
1197 2755 1269 2834 no
1297 2754 1520 2836 Pouruu
1546 2753 1816 2835 uouuncu.
1861 2775 1928 2880 (3)

571 3051 605 3158 Ῐὲ
620 3071 651 3164 'n
674 3115 752 3169 reu
780 3108 959 3169 statutum
980 3107 1036 3167 est
1064 3088 1165 3192 quod
1194 3087 1355 3192 quelibet
1382 3115 1540 3193 persona
1568 3090 1709 3169 habens
1737 3092 2016 3194 possessionem
2036 3091 2104 3170 ali-

514 3275 624 3353 quam
653 3276 673 3325 a
702 3266 815 3351 ponte
844 3247 1014 3325 moneaci
1042 3226 1158 3350 usque
1187 3245 1232 3325 ad
1262 3246 1514 3325 trauachetum
1543 3246 1610 3353 (4)
1648 3266 1685 3327 et
1712 3267 1857 3352 pratum
1891 3250 2101 3351 co'gnorum

514 3426 550 3486 et
578 3406 623 3486 ad
652 3405 790 3484 uadum
819 3405 1017 3483 trauacheti
1047 3406 1091 3482 ab
1120 3422 1272 3508 utraque
1300 3423 1401 3508 parte
1430 3405 1488 3483 uie
1517 3423 1684 3484 teneatur
1713 3425 1749 3484 et
1777 3404 1910 3484 debeat
1933 3406 2050 3486 lacere
2067 3427 2103 3486 et
2177 3515 2179 3519 ¹

513 3582 754 3643 manutenere
784 3588 847 3641 seu
877 3563 993 3640 lacere
1020 3561 1098 3641 fieri
1128 3587 1243 3640 unum
1273 3564 1453 3640 lossatum
1484 3589 1590 3665 super
1610 3589 1673 3641 sua
1692 3564 1931 3667 possessione
1950 3563 2103 3666 'largum

514 3723 632 3802 tribus
650 3719 805 3825 pedibus
834 3740 870 3798 et
898 3718 1122 3824 profundum
1142 3718 1288 3797 duobus
1307 3720 1392 3798 hinc
1411 3719 1457 3798 ad
1477 3719 1613 3799 festum
1631 3727 1868 3825 pentecostes
1887 3723 2102 3825 proximum

514 3881 580 3961 sub
608 3906 702 3984 pena
730 3877 937 3956 solidorum
965 3904 1002 3957 ru
1031 3904 1098 3982 pro
1136 3876 1297 3981 qualibet
1338 3904 1495 3981 persona
1536 3877 1832 3960 contrafaciente.
1863 3879 1909 3958 Et
1937 3878 2101 3983 quelibet

514 4065 670 4143 persona
700 4036 819 4142 possit
847 4034 933 4114 inde
962 4061 1131 4114 accusare
1160 4053 1196 4113 et
1224 4035 1257 4113 ei
1286 4036 1495 4114 iuramento
1537 4036 1704 4115 credatur
1732 4055 1768 4116 et
1797 4037 1929 4116 habeat
1957 4038 2104 4115 tertiam

515 4216 656 4301 partem
685 4195 807 4275 banni.
832 4212 871 4279 Et
894 4235 911 4277 a
935 4229 1016 4278 terra
1040 4209 1193 4277 heredum
1228 4213 1309 4298 petri
1333 4210 1437 4278 bellixi
1473 4234 1571 4300 usque
1607 4211 1645 4278 ad
1679 4211 1853 4279 canaletam
1885 4235 2020 4302 persona
2043 4236 2103 4303 que

514 4369 640 4436 habebit
673 4368 809 4456 aliquam
840 4370 1078 4456 possessionem
1110 4384 1271 4435 tenentem
1295 4391 1368 4434 cum
1392 4367 1475 4435 dicta
1502 4370 1554 4435 uia
1580 4367 1731 4436 deuersus
1755 4392 1882 4436 cuzeam
1906 4386 2049 4437 teneatur
2073 4389 2104 4438 et

512 4527 625 4595 debeat
648 4525 749 4592 facere
773 4525 927 4592 fossatum
950 4548 1096 4593 crossum
1130 4548 1176 4594 1111
1199 4525 1330 4613 pedibus
1354 4545 1385 4593 et
1418 4499 1540 4616 largum
1564 4550 1585 4592 v
1608 4529 1640 4592 in
1666 4528 1748 4594 cima
1770 4529 1813 4594 ita
1837 4526 1922 4615 quod
1946 4550 2024 4614 aqua
2048 4549 2104 4614 per

513 4687 634 4756 dictum
667 4685 822 4754 fossatum
854 4687 954 4772 possit
987 4684 1048 4753 labi
1072 4685 1130 4752 sub
1159 4707 1240 4772 pena
1272 4683 1449 4752 solidorum
1472 4709 1514 4750 xx
1537 4689 1709 4753 astensium
1733 4704 1764 4753 et
1790 4704 1929 4774 potestas
1960 4694 2103 4754 teneatur

514 4847 672 4934 inquirere
696 4843 760 4934 (5).
