4800 6696
516 524 615 626 cipio
644 524 826 626 camparie
855 550 938 637 non
955 523 1122 639 incidere
1143 550 1277 637 ‘capere
1306 523 1365 601 uel
1385 523 1536 641 bostare
1565 551 1630 603 seu
1650 524 1761 635 incidi
1781 528 1860 629 capi
1880 527 1940 606 uel
1961 529 2103 608 boscari

513 679 634 760 'lacere
664 680 787 760 uiride*
809 680 882 791 uel
897 681 1122 799 sichum'in·
1136 681 1265 761 alienis
1283 681 1554 797 ‘boschislfinis
1582 685 1823 793 baendnarum.¹
1846 697 1930 795 nec]
1945 687 1983 765 in
2009 688 2106 792 ipsis

516 838 665 918 boschis
693 838 822 917 alienis
850 857 976 942 capere
1003 838 1193 943 'colligere'
1224 859 1289 919 seu
1330 841 1420 944 capi
1437 840 1496 919 uel
1525 840 1673 945 colligi·
1692 840 1820 923 facere
1839 843 2017 947 glandem
2046 844 2106 925 uel

516 996 665 1101 gallam.
696 1017 732 1075 et
761 997 861 1101 quod
890 1016 1054 1101 potestas
1082 992 1249 1078 teneatur
1267 999 1389 1078 dictos
1408 1001 1627 1103 camparios
1652 1020 1739 1079 tunc
1767 1004 1960 1106 temporis,
1988 1002 2106 1084 facere

518 1156 634 1234 iurare
663 1156 859 1233 obseruare
887 1155 1060 1258 predicta.
1087 1136 1130 1235 ut
1158 1156 1299 1235 dictum
1329 1176 1395 1235 est.
1425 1159 1471 1236 Et
1499 1157 1764 1237 nichilominus
1783 1159 1936 1263 quilibet
1965 1187 2108 1266 campa-

518 1314 592 1393 rius
622 1315 700 1417 .qui.
724 1313 989 1393 contrafecerit.
1020 1314 1080 1393 uel
1107 1314 1186 1394 fieri
1214 1314 1339 1394 lecerit
1367 1333 1494 1394 contra
1522 1314 1683 1419 predicta
1710 1316 1771 1395 uel
1805 1317 1942 1422 aliquid
1969 1319 2108 1424 predic-

516 1491 643 1551 torum
672 1471 792 1551 soluat
812 1499 879 1575 pro
900 1474 1022 1550 banno
1051 1471 1195 1551 solidos
1213 1499 1239 1550 x
1255 1491 1290 1551 et
1309 1471 1469 1550 totidem
1488 1500 1556 1576 pro
1576 1475 1734 1554 emenda
1753 1502 1863 1580 passo
1887 1475 2104 1583 dampnum.

519 1650 555 1709 et
584 1630 613 1709 si
643 1629 800 1710 emenda
829 1648 926 1709 esset
967 1631 1104 1708 incerta
1145 1629 1319 1734 aplicetur
1348 1650 1384 1709 et
1412 1632 1599 1734 perueniat
1641 1634 1739 1711 curie
1780 1633 2018 1716 baennarum.
2071 1658 2107 1718 et

519 1788 680 1893 quelibet
708 1815 865 1893 persona
894 1791 991 1867 bone
1020 1788 1115 1868 lame
1144 1789 1261 1893 possit
1290 1789 1375 1868 inde
1394 1782 1562 1868 accusare
1583 1808 1619 1868 et
1639 1791 1671 1869 ei
1692 1792 1901 1873 iuramento
1929 1795 2105 1909 credatur

519 1965 556 2025 et
583 1947 715 2025 habeat
757 1949 903 2026 tertiam
937 1967 1080 2051 partem
1109 1946 1228 2025 banni.
1249 1965 1286 2025 et
1305 1948 1417 2026 etiam
1437 1966 1603 2028 teneatur
1622 1951 1761 2053 priuata
1782 1953 1812 2031 si
1833 1951 1929 2032 dicta
1948 1980 2107 2058 persona

427 2101 428 2106 ’
518 2131 695 2222 accusans
723 2103 830 2219 luerit
853 2107 896 2221 ⁴in
924 2124 1080 2217 regesto
1103 2105 1149 2214 de
1179 2103 1278 2213 libris
1308 2131 1359 2184 xx
1388 2132 1506 2209 supra.
1537 2108 1583 2185 Et
1610 2108 1712 2217 quod
1740 2127 1905 2218 potestas
1932 2114 2052 2215 possit
2064 2132 2107 2194 'et

511 2244 686 2343 ‘teneatur
714 2264 801 2343 nae
828 2245 1049 2368 rnquirere:
1083 2283 1091 2288 ··
1125 2282 1140 2287 ··
1251 2279 1271 2286 ··
1383 2279 1385 2283 ·
1420 2276 1473 2372 j·
1496 2281 1502 2285 ·
1525 2274 1547 2284 ’·
1734 2279 1748 2286 ··
1920 2277 1934 2373 ᾗ

321 2681 398 2760 268
512 2605 715 2816 QJOD
742 2687 945 2787 ALIQUA
970 2687 1238 2773 Possessio
1274 2686 1394 2771 NON
1429 2686 1608 2771 POSSlT
1642 2685 1803 2801 UENDI
1830 2671 1964 2799 NON
1983 2678 2123 2780 „SOL

669 2846 830 2930 UENTI
856 2844 1079 2932 FODRUM
1104 2846 1161 2931 IN
1187 2843 1419 2929 BAENNIS.

579 3061 758 3266 fflrtu
786 3181 964 3240 statutum
984 3181 1039 3240 est
1058 3160 1159 3265 quod
1180 3160 1299 3265 aliqua
1319 3187 1476 3265 persona
1496 3188 1573 3239 non
1593 3162 1710 3265 possit
1730 3160 1891 3242 uendere
1911 3162 1971 3242 uel
1991 3163 2110 3243 modo

521 3323 646 3428 aliquo
674 3321 831 3400 alienare
859 3319 1018 3423 aliquam
1039 3319 1316 3423 possessionem
1345 3319 1422 3397 siue
1450 3345 1529 3398 rem
1559 3318 1795 3399 immobilem
1821 3337 1892 3424 que
1920 3321 1967 3400 sit
1995 3322 2033 3400 in
2062 3323 2112 3400 iu-

521 3481 735 3561 risdictione
764 3478 989 3557 baennarum
1017 3476 1125 3555 alicui
1167 3503 1324 3581 persone
1364 3494 1536 3556 extranee
1566 3504 1631 3556 seu
1659 3474 1809 3558 liberate
1837 3506 1858 3557 a
1885 3476 1996 3559 fodro
2038 3479 2113 3592 sol·
2166 3534 2168 3537 -

392 3733 403 3750 y,
522 3638 659 3719 nendo,
689 3656 797 3741 pacto
826 3635 886 3715 uel
915 3635 989 3715 alio
1018 3634 1148 3714 modo.
1177 3635 1224 3714 Et
1253 3635 1282 3713 si
1311 3634 1578 3714 contrafactum
1607 3633 1714 3714 fuerit
1733 3635 1818 3737 talis
1836 3636 2005 3716 uenditio
2034 3639 2111 3717 siue

521 3797 696 3878 alienatio
726 3796 772 3874 sit
800 3794 937 3874 nullius
966 3793 1114 3873 ualoris
1135 3794 1181 3872 Et
1200 3792 1467 3873 nichilominus
1486 3819 1644 3897 persona
1663 3793 1831 3874 uendens
1859 3793 1919 3874 uel
1947 3794 2113 3875 alienans

522 3956 661 4036 dictam
689 3980 781 4034 rem.
812 3951 934 4033 soluat
960 3979 1029 4056 pro
1057 3979 1151 4055 pena
1180 3951 1324 4030 solidos
1351 3978 1398 4030 Lx
1427 3971 1593 4031 astenses
1634 3952 1744 4031 curie.
1774 3953 1820 4032 Et
1848 3950 2114 4056 nichilominus

524 4115 706 4194 dictares
735 4111 855 4191 taliter
884 4109 1034 4190 uendita
1062 4109 1121 4189 uel
1149 4109 1318 4189 alienata.
1348 4109 1523 4213 aplicetur
1551 4129 1588 4188 et
1615 4110 1805 4214 perueniat
1831 4111 1928 4190 curie
1950 4113 2112 4191 baenna·

522 4298 606 4351 rum
634 4270 745 4375 pleno
774 4272 862 4348 iure.
892 4269 939 4347 Et
966 4284 1132 4373 potestas
1159 4264 1292 4346 debeat
1311 4285 1348 4346 et
1367 4286 1533 4345 teneatur
1562 4267 1647 4346 inde
1677 4269 1858 4370 inquirere
1878 4269 1984 4347 omni
2013 4296 2112 4348 anno

526 4428 641 4509 semel
670 4428 715 4507 ad
744 4429 881 4507 minus,
911 4446 947 4505 et
975 4424 1137 4530 quelibet
1165 4451 1322 4529 persona
1350 4425 1468 4529 possit
1496 4425 1582 4504 inde
1610 4451 1791 4504 accusare.
2179 4395 2183 4404 ⁸

326 4838 401 4940 269
514 4761 718 4972 QJOD
744 4842 1025 4929 MANUALES
1051 4843 1171 4929 NON
1187 4841 1406 4927 POSSINT
1423 4841 1588 4927 STARE
1605 4842 1662 4923 IN
1686 4838 1928 4922 PLATHEA
1955 4836 2109 4976 POST-

674 4980 1386 5103 QUAMSEIOCAUERINL.JJ
1488 5028 1503 5072 —.
1618 5047 1622 5056 ,

582 5220 762 5428 Qun
790 5345 968 5406 statutum
997 5343 1053 5404 est
1081 5323 1183 5428 quod
1213 5321 1344 5427 aliquis
1372 5321 1554 5401 manualis
1581 5340 1780 5425 postquam
1808 5319 1987 5400 locauerit
2009 5306 2049 5401 se
2068 5319 2114 5398 ad

525 5485 767 5568 laborandum
794 5486 901 5566 alicui
929 5485 1044 5565 alteri.
1074 5503 1176 5563 certo
1205 5482 1335 5561 loerio.
1366 5509 1443 5561 non
1478 5486 1596 5586 possit
1624 5498 1753 5585 postea
1787 5479 1848 5558 illa
1885 5478 1945 5559 die
1987 5480 2112 5559 uenire
