1496 1873
633 177 757 204 LXXIIII

303 250 334 270 bet
348 256 427 276 persone
443 253 564 269 manutenere
578 253 596 269 et
610 248 716 269 deffendere
737 256 770 269 sue
790 255 846 275 posse
867 249 890 269 de
911 249 949 269 iure
963 254 982 269 et
996 249 1099 271 secundum

302 289 382 309 formam
397 289 447 309 iuris.
461 289 492 315 qui
507 288 560 309 electi
575 289 642 309 habere
656 288 735 309 debeant
745 295 779 315 pro
788 295 854 309 eorum
863 288 930 309 salario
939 296 950 309 a
959 289 1035 309 comuni
1045 289 1100 309 baen-

302 335 368 349 narum
382 329 405 349 de
419 328 501 355 qualibet
515 328 607 348 concione
621 335 657 354 que
671 328 703 348 fiet
717 328 816 349 occasione
837 328 924 355 predicta.
945 328 1033 349 uidelicet
1047 333 1099 349 nota-

301 368 340 388 rius
354 368 426 388 solidos
440 375 452 387 x
465 367 500 394 (1)
509 372 528 388 et
537 367 568 388 ine
578 368 609 394 qui
619 374 658 388 non
668 367 721 388 fuerit
731 368 814 388 notarius
823 367 896 388 solidos
905 375 923 388 v.
938 368 961 388 Et
971 368 1017 388 ultra
1027 368 1098 388 dictum

302 407 388 428 salarium
403 407 460 427 nichil
473 407 523 427 aliud
537 412 600 434 petere
613 407 686 434 possint
700 407 730 427 uel
744 408 818 433 exigere
839 414 873 427 nec
894 407 974 434 recipere
995 407 1018 427 ab
1038 407 1099 434 aliqua

302 454 381 474 persona
395 447 495 467 occasione
509 447 596 473 predicta.
611 446 644 467 sub
658 453 705 473 pena
719 447 824 467 solidorum
837 454 850 466 v
864 454 898 473 pro
912 447 996 473 quolibet
1010 452 1028 467 et
1042 447 1099 473 quali-

302 486 334 507 bet
347 487 394 506 uice.
409 487 433 506 Et
446 486 535 506 dominus
549 491 632 513 potestas
645 491 729 507 teneatur
743 491 762 506 et
775 486 841 506 debeat
862 486 923 506 dictos
941 487 1012 507 electos
1024 487 1099 513 conpel-

302 526 339 547 lere
353 526 376 546 ad
391 526 494 553 predictum
515 526 600 547 officium
620 526 750 546 exercendum.
767 526 790 546 Et
804 526 854 552 quod
869 526 924 546 iudex
938 531 1022 546 teneatur
1036 531 1055 547 et
1068 526 1099 547 de-

303 566 345 586 beat
359 565 456 586 absoluere
477 570 495 586 et
516 566 654 592 condempnare
675 572 742 586 omnes
762 572 851 592 personas
864 570 883 586 et
896 565 955 586 facere
974 572 1041 586 omnes
1055 573 1099 586 con-

302 605 446 632 dempnationes
456 610 474 625 et
483 605 612 626 absolutiones
620 605 737 632 presentibus
746 605 825 626 domino
835 605 923 632 potestati
933 610 951 626 et
961 605 1015 626 dictis
1024 605 1099 626 duobus
1114 598 1116 600 ‚

302 645 416 665 hominibus.
430 645 483 665 aliter
497 645 578 672 predicte
592 645 773 671 condempnationes
786 652 820 671 pro
834 652 873 665 non
887 644 934 665 facte
948 645 1056 665 habeantur.
