<?xml version="1.0" encoding="UTF-8"?>
<!DOCTYPE html PUBLIC "-//W3C//DTD XHTML 1.0 Transitional//EN"
    "http://www.w3.org/TR/xhtml1/DTD/xhtml1-transitional.dtd">
<html xmlns="http://www.w3.org/1999/xhtml" xml:lang="en" lang="en">
 <head>
  <title>
</title>
<meta http-equiv="Content-Type" content="text/html;charset=utf-8" />
  <meta name='ocr-system' content='tesseract 3.04.00' />
  <meta name='ocr-capabilities' content='ocr_page ocr_carea ocr_par ocr_line ocrx_word'/>
</head>
<body>
  <div class='ocr_page' id='page_1' title='image "./capitulaetstatu00assagoog_0098.png"; bbox 0 0 4800 6698; ppageno 0'>
   <div class='ocr_carea' id='block_1_1' title="bbox 600 563 2199 990">
    <p class='ocr_par' dir='ltr' id='par_1_1' title="bbox 600 563 2199 995">
     <span class='ocr_line' id='line_1_1' title="bbox 603 563 2198 675; baseline 0 -27"><span class='ocrx_word' id='word_1_1' title='bbox 603 587 722 648; x_wconf 86' lang='lat' dir='ltr'>sortes</span> <span class='ocrx_word' id='word_1_2' title='bbox 750 569 788 647; x_wconf 92' lang='lat' dir='ltr'>in</span> <span class='ocrx_word' id='word_1_3' title='bbox 824 566 1006 672; x_wconf 87' lang='lat' dir='ltr'>aliquibus</span> <span class='ocrx_word' id='word_1_4' title='bbox 1039 567 1340 672; x_wconf 80' lang='lat' dir='ltr'>possessionibus</span> <span class='ocrx_word' id='word_1_5' title='bbox 1373 593 1437 672; x_wconf 88' lang='lat' dir='ltr'>per</span> <span class='ocrx_word' id='word_1_6' title='bbox 1464 592 1596 664; x_wconf 94' lang='lat' dir='ltr'>unum</span> <span class='ocrx_word' id='word_1_7' title='bbox 1619 563 1756 671; x_wconf 91' lang='lat' dir='ltr'>pedem</span> <span class='ocrx_word' id='word_1_8' title='bbox 1791 568 2086 675; x_wconf 84' lang='lat' dir='ltr'>circumquaque.</span> <span class='ocrx_word' id='word_1_9' title='bbox 2130 571 2198 648; x_wconf 95' lang='lat' dir='ltr'>sub</span> 
     </span>
     <span class='ocr_line' id='line_1_2' title="bbox 600 724 2199 833; baseline 0.001 -27"><span class='ocrx_word' id='word_1_10' title='bbox 600 751 695 830; x_wconf 91' lang='lat' dir='ltr'>pena</span> <span class='ocrx_word' id='word_1_11' title='bbox 711 746 747 806; x_wconf 88' lang='lat' dir='ltr'>et</span> <span class='ocrx_word' id='word_1_12' title='bbox 761 728 885 806; x_wconf 92' lang='lat' dir='ltr'>banno</span> <span class='ocrx_word' id='word_1_13' title='bbox 901 725 1109 806; x_wconf 93' lang='lat' dir='ltr'>solidorum</span> <span class='ocrx_word' id='word_1_14' title='bbox 1124 751 1149 805; x_wconf 91' lang='lat' dir='ltr'>v</span> <span class='ocrx_word' id='word_1_15' title='bbox 1164 725 1231 833; x_wconf 80' lang='lat'>(3)</span> <span class='ocrx_word' id='word_1_16' title='bbox 1250 752 1318 830; x_wconf 93' lang='lat' dir='ltr'>pro</span> <span class='ocrx_word' id='word_1_17' title='bbox 1333 724 1496 830; x_wconf 88' lang='lat' dir='ltr'>qualibet</span> <span class='ocrx_word' id='word_1_18' title='bbox 1510 752 1670 830; x_wconf 89' lang='lat' dir='ltr'>persona</span> <span class='ocrx_word' id='word_1_19' title='bbox 1691 744 1728 805; x_wconf 93' lang='lat' dir='ltr'>et</span> <span class='ocrx_word' id='word_1_20' title='bbox 1746 725 1909 832; x_wconf 91' lang='lat' dir='ltr'>qualibet</span> <span class='ocrx_word' id='word_1_21' title='bbox 1927 727 2021 807; x_wconf 85' lang='lat' dir='ltr'>uice.</span> <span class='ocrx_word' id='word_1_22' title='bbox 2041 727 2088 807; x_wconf 88' lang='lat' dir='ltr'>Et</span> <span class='ocrx_word' id='word_1_23' title='bbox 2112 754 2199 808; x_wconf 92' lang='lat' dir='ltr'>con·</span> 
     </span>
     <span class='ocr_line' id='line_1_3' title="bbox 602 882 2198 990; baseline 0.001 -27"><span class='ocrx_word' id='word_1_24' title='bbox 602 901 720 963; x_wconf 85' lang='lat' dir='ltr'>sortes</span> <span class='ocrx_word' id='word_1_25' title='bbox 749 903 785 962; x_wconf 91' lang='lat' dir='ltr'>et</span> <span class='ocrx_word' id='word_1_26' title='bbox 813 883 967 988; x_wconf 88' lang='lat' dir='ltr'>quilibet</span> <span class='ocrx_word' id='word_1_27' title='bbox 995 884 1161 988; x_wconf 93' lang='lat' dir='ltr'>ipsorum</span> <span class='ocrx_word' id='word_1_28' title='bbox 1190 884 1310 989; x_wconf 88' lang='lat' dir='ltr'>possit</span> <span class='ocrx_word' id='word_1_29' title='bbox 1338 882 1667 964; x_wconf 78' lang='lat' dir='ltr'>contrafacientem</span> <span class='ocrx_word' id='word_1_30' title='bbox 1685 911 1856 966; x_wconf 88' lang='lat' dir='ltr'>accusare</span> <span class='ocrx_word' id='word_1_31' title='bbox 1884 884 1931 964; x_wconf 92' lang='lat' dir='ltr'>de</span> <span class='ocrx_word' id='word_1_32' title='bbox 1959 886 2134 990; x_wconf 87' lang='lat' dir='ltr'>predictis</span> <span class='ocrx_word' id='word_1_33' title='bbox 2162 905 2198 966; x_wconf 93' lang='lat' dir='ltr'>et</span> 
     </span>
    </p>
   </div>
   <div class='ocr_carea' id='block_1_2' title="bbox 601 1043 1345 1126">
    <p class='ocr_par' dir='ltr' id='par_1_2' title="bbox 601 1043 1345 1126">
     <span class='ocr_line' id='line_1_4' title="bbox 601 1043 1345 1126; baseline 0.007 -6"><span class='ocrx_word' id='word_1_34' title='bbox 601 1043 829 1122; x_wconf 82' lang='lat' dir='ltr'>accusationi</span> <span class='ocrx_word' id='word_1_35' title='bbox 859 1069 923 1121; x_wconf 92' lang='lat' dir='ltr'>sue</span> <span class='ocrx_word' id='word_1_36' title='bbox 952 1043 1163 1123; x_wconf 91' lang='lat' dir='ltr'>iuramento</span> <span class='ocrx_word' id='word_1_37' title='bbox 1191 1057 1345 1126; x_wconf 86' lang='lat' dir='ltr'>credatur.</span> 
     </span>
    </p>
   </div>
   <div class='ocr_carea' id='block_1_3' title="bbox 601 1371 1513 1544">
    <p class='ocr_par' dir='ltr' id='par_1_3' title="bbox 601 1371 1513 1544">
     <span class='ocr_line' id='line_1_5' title="bbox 601 1371 1513 1544; baseline -0.007 -13"><span class='ocrx_word' id='word_1_38' title='bbox 601 1371 722 1532; x_wconf 73' lang='lat' dir='ltr'>AD</span> <span class='ocrx_word' id='word_1_39' title='bbox 749 1445 890 1544; x_wconf 85' lang='lat' dir='ltr'><strong>QUAS</strong></span> <span class='ocrx_word' id='word_1_40' title='bbox 917 1445 1068 1528; x_wconf 89' lang='lat' dir='ltr'>PESAS</span> <span class='ocrx_word' id='word_1_41' title='bbox 1097 1444 1271 1530; x_wconf 87' lang='lat' dir='ltr'><strong>PESARI</strong></span> <span class='ocrx_word' id='word_1_42' title='bbox 1298 1437 1513 1529; x_wconf 87' lang='lat' dir='ltr'><strong>DEBEAT.</strong></span> 
     </span>
    </p>
   </div>
   <div class='ocr_carea' id='block_1_4' title="bbox 599 1687 2197 2360">
    <p class='ocr_par' dir='ltr' id='par_1_4' title="bbox 599 1687 2197 2360">
     <span class='ocr_line' id='line_1_6' title="bbox 664 1687 2197 1894; baseline 0.003 -38"><span class='ocrx_word' id='word_1_43' title='bbox 664 1687 838 1894; x_wconf 44' lang='lat' dir='ltr'>&amp;aaut</span> <span class='ocrx_word' id='word_1_44' title='bbox 865 1796 1044 1857; x_wconf 90' lang='lat' dir='ltr'>statutum</span> <span class='ocrx_word' id='word_1_45' title='bbox 1060 1796 1116 1857; x_wconf 90' lang='lat' dir='ltr'>est</span> <span class='ocrx_word' id='word_1_46' title='bbox 1135 1778 1237 1883; x_wconf 95' lang='lat' dir='ltr'>quod</span> <span class='ocrx_word' id='word_1_47' title='bbox 1255 1778 1376 1882; x_wconf 90' lang='lat' dir='ltr'>aliqua</span> <span class='ocrx_word' id='word_1_48' title='bbox 1396 1804 1553 1882; x_wconf 90' lang='lat' dir='ltr'>persona</span> <span class='ocrx_word' id='word_1_49' title='bbox 1572 1806 1650 1858; x_wconf 93' lang='lat' dir='ltr'>non</span> <span class='ocrx_word' id='word_1_50' title='bbox 1669 1779 1788 1883; x_wconf 92' lang='lat' dir='ltr'>possit</span> <span class='ocrx_word' id='word_1_51' title='bbox 1814 1806 1941 1883; x_wconf 91' lang='lat' dir='ltr'>pesare</span> <span class='ocrx_word' id='word_1_52' title='bbox 1970 1778 2028 1859; x_wconf 94' lang='lat' dir='ltr'>uel</span> <span class='ocrx_word' id='word_1_53' title='bbox 2057 1779 2197 1884; x_wconf 90' lang='lat' dir='ltr'>ponde·</span> 
     </span>
     <span class='ocr_line' id='line_1_7' title="bbox 599 1934 2196 2043; baseline 0.003 -29"><span class='ocrx_word' id='word_1_54' title='bbox 599 1963 677 2015; x_wconf 88' lang='lat' dir='ltr'>rare</span> <span class='ocrx_word' id='word_1_55' title='bbox 706 1935 868 2041; x_wconf 87' lang='lat' dir='ltr'>aliquam</span> <span class='ocrx_word' id='word_1_56' title='bbox 896 1962 976 2015; x_wconf 93' lang='lat' dir='ltr'>rem</span> <span class='ocrx_word' id='word_1_57' title='bbox 1003 1934 1049 2015; x_wconf 95' lang='lat' dir='ltr'>ab</span> <span class='ocrx_word' id='word_1_58' title='bbox 1077 1962 1149 2014; x_wconf 90' lang='lat' dir='ltr'>una</span> <span class='ocrx_word' id='word_1_59' title='bbox 1177 1936 1268 2016; x_wconf 87' lang='lat' dir='ltr'>libra</span> <span class='ocrx_word' id='word_1_60' title='bbox 1296 1934 1387 2015; x_wconf 85' lang='lat' dir='ltr'>infra</span> <span class='ocrx_word' id='word_1_61' title='bbox 1415 1936 1461 2015; x_wconf 92' lang='lat' dir='ltr'>ad</span> <span class='ocrx_word' id='word_1_62' title='bbox 1490 1936 1652 2042; x_wconf 85' lang='lat' dir='ltr'>aliquam</span> <span class='ocrx_word' id='word_1_63' title='bbox 1686 1964 1814 2041; x_wconf 88' lang='lat' dir='ltr'>pesam</span> <span class='ocrx_word' id='word_1_64' title='bbox 1851 1938 1921 2016; x_wconf 92' lang='lat' dir='ltr'>nisi</span> <span class='ocrx_word' id='word_1_65' title='bbox 1950 1936 1996 2017; x_wconf 90' lang='lat' dir='ltr'>ad</span> <span class='ocrx_word' id='word_1_66' title='bbox 2024 1965 2131 2043; x_wconf 89' lang='lat' dir='ltr'>pesas</span> <span class='ocrx_word' id='word_1_67' title='bbox 2159 1958 2196 2018; x_wconf 90' lang='lat' dir='ltr'>et</span> 
     </span>
     <span class='ocr_line' id='line_1_8' title="bbox 599 2093 2195 2202; baseline 0.001 -28"><span class='ocrx_word' id='word_1_68' title='bbox 599 2121 728 2199; x_wconf 89' lang='lat' dir='ltr'>pesam</span> <span class='ocrx_word' id='word_1_69' title='bbox 756 2093 929 2197; x_wconf 86' lang='lat' dir='ltr'>boglotij.</span> <span class='ocrx_word' id='word_1_70' title='bbox 960 2113 997 2174; x_wconf 92' lang='lat' dir='ltr'>et</span> <span class='ocrx_word' id='word_1_71' title='bbox 1024 2093 1188 2198; x_wconf 90' lang='lat' dir='ltr'>quelibet</span> <span class='ocrx_word' id='word_1_72' title='bbox 1218 2121 1477 2200; x_wconf 91' lang='lat' dir='ltr'>personaque</span> <span class='ocrx_word' id='word_1_73' title='bbox 1505 2114 1635 2175; x_wconf 89' lang='lat' dir='ltr'>contra</span> <span class='ocrx_word' id='word_1_74' title='bbox 1669 2096 1793 2175; x_wconf 88' lang='lat' dir='ltr'>lecerit</span> <span class='ocrx_word' id='word_1_75' title='bbox 1829 2096 1951 2175; x_wconf 90' lang='lat' dir='ltr'>soluat</span> <span class='ocrx_word' id='word_1_76' title='bbox 1986 2123 2055 2201; x_wconf 91' lang='lat' dir='ltr'>pro</span> <span class='ocrx_word' id='word_1_77' title='bbox 2086 2120 2195 2202; x_wconf 85' lang='lat' dir='ltr'>pena.</span> 
     </span>
     <span class='ocr_line' id='line_1_9' title="bbox 599 2246 2196 2360; baseline 0.003 -30"><span class='ocrx_word' id='word_1_78' title='bbox 599 2279 667 2356; x_wconf 91' lang='lat' dir='ltr'>pro</span> <span class='ocrx_word' id='word_1_79' title='bbox 695 2251 858 2357; x_wconf 90' lang='lat' dir='ltr'>qualibet</span> <span class='ocrx_word' id='word_1_80' title='bbox 886 2253 967 2331; x_wconf 93' lang='lat' dir='ltr'>uice</span> <span class='ocrx_word' id='word_1_81' title='bbox 983 2252 1141 2343; x_wconf 67' lang='lat' dir='ltr'>,solidos</span> <span class='ocrx_word' id='word_1_82' title='bbox 1168 2280 1205 2334; x_wconf 86' lang='lat' dir='ltr'>ru</span> <span class='ocrx_word' id='word_1_83' title='bbox 1235 2271 1272 2332; x_wconf 93' lang='lat' dir='ltr'>et</span> <span class='ocrx_word' id='word_1_84' title='bbox 1300 2252 1462 2358; x_wconf 90' lang='lat' dir='ltr'>quelibet</span> <span class='ocrx_word' id='word_1_85' title='bbox 1504 2280 1662 2356; x_wconf 88' lang='lat' dir='ltr'>persona</span> <span class='ocrx_word' id='word_1_86' title='bbox 1697 2255 1817 2360; x_wconf 86' lang='lat' dir='ltr'>possit</span> <span class='ocrx_word' id='word_1_87' title='bbox 1846 2255 1932 2335; x_wconf 91' lang='lat' dir='ltr'>inde</span> <span class='ocrx_word' id='word_1_88' title='bbox 1960 2282 2130 2335; x_wconf 89' lang='lat' dir='ltr'>accusate</span> <span class='ocrx_word' id='word_1_89' title='bbox 2159 2246 2196 2334; x_wconf 89' lang='lat' dir='ltr'>et</span> 
     </span>
    </p>
   </div>
   <div class='ocr_carea' id='block_1_5' title="bbox 599 2409 2223 2666">
    <p class='ocr_par' dir='ltr' id='par_1_5' title="bbox 599 2409 2223 2666">
     <span class='ocr_line' id='line_1_10' title="bbox 599 2409 2196 2518; baseline 0.003 -30"><span class='ocrx_word' id='word_1_90' title='bbox 599 2412 632 2489; x_wconf 94' lang='lat' dir='ltr'>ei</span> <span class='ocrx_word' id='word_1_91' title='bbox 662 2411 871 2489; x_wconf 93' lang='lat' dir='ltr'>iuramento</span> <span class='ocrx_word' id='word_1_92' title='bbox 900 2409 1077 2489; x_wconf 91' lang='lat' dir='ltr'>credatur.</span> <span class='ocrx_word' id='word_1_93' title='bbox 1100 2429 1135 2489; x_wconf 90' lang='lat' dir='ltr'>et</span> <span class='ocrx_word' id='word_1_94' title='bbox 1154 2410 1287 2490; x_wconf 88' lang='lat' dir='ltr'>habeat</span> <span class='ocrx_word' id='word_1_95' title='bbox 1305 2412 1453 2490; x_wconf 89' lang='lat' dir='ltr'>tertiam</span> <span class='ocrx_word' id='word_1_96' title='bbox 1475 2429 1619 2515; x_wconf 89' lang='lat' dir='ltr'>partem</span> <span class='ocrx_word' id='word_1_97' title='bbox 1647 2412 1770 2491; x_wconf 88' lang='lat' dir='ltr'>banni.</span> <span class='ocrx_word' id='word_1_98' title='bbox 1790 2412 1864 2492; x_wconf 93' lang='lat' dir='ltr'>hoc</span> <span class='ocrx_word' id='word_1_99' title='bbox 1883 2430 2010 2492; x_wconf 90' lang='lat' dir='ltr'>tamen</span> <span class='ocrx_word' id='word_1_100' title='bbox 2038 2432 2196 2518; x_wconf 84' lang='lat' dir='ltr'>excepto</span> 
     </span>
     <span class='ocr_line' id='line_1_11' title="bbox 600 2557 2223 2666; baseline 0.002 -27"><span class='ocrx_word' id='word_1_101' title='bbox 600 2558 700 2665; x_wconf 90' lang='lat' dir='ltr'>quod</span> <span class='ocrx_word' id='word_1_102' title='bbox 730 2557 986 2638; x_wconf 85' lang='lat' dir='ltr'>macellatores</span> <span class='ocrx_word' id='word_1_103' title='bbox 1014 2577 1051 2637; x_wconf 94' lang='lat' dir='ltr'>et</span> <span class='ocrx_word' id='word_1_104' title='bbox 1078 2557 1284 2639; x_wconf 92' lang='lat' dir='ltr'>uendentes</span> <span class='ocrx_word' id='word_1_105' title='bbox 1302 2586 1430 2638; x_wconf 91' lang='lat' dir='ltr'>carnes</span> <span class='ocrx_word' id='word_1_106' title='bbox 1448 2559 1495 2638; x_wconf 90' lang='lat' dir='ltr'>ad</span> <span class='ocrx_word' id='word_1_107' title='bbox 1514 2558 1710 2639; x_wconf 93' lang='lat' dir='ltr'>menutum</span> <span class='ocrx_word' id='word_1_108' title='bbox 1738 2562 1884 2664; x_wconf 91' lang='lat' dir='ltr'>possint</span> <span class='ocrx_word' id='word_1_109' title='bbox 1910 2588 2037 2666; x_wconf 93' lang='lat' dir='ltr'>pesare</span> <span class='ocrx_word' id='word_1_110' title='bbox 2066 2590 2194 2643; x_wconf 88' lang='lat' dir='ltr'>carnes</span> <span class='ocrx_word' id='word_1_111' title='bbox 2220 2606 2223 2611; x_wconf 89' lang='lat'>·</span> 
     </span>
    </p>
   </div>
   <div class='ocr_carea' id='block_1_6' title="bbox 599 2716 2197 3142">
    <p class='ocr_par' dir='ltr' id='par_1_6' title="bbox 599 2716 2197 3142">
     <span class='ocr_line' id='line_1_12' title="bbox 599 2716 2194 2823; baseline 0.003 -27"><span class='ocrx_word' id='word_1_112' title='bbox 599 2719 643 2797; x_wconf 96' lang='lat' dir='ltr'>ab</span> <span class='ocrx_word' id='word_1_113' title='bbox 672 2745 745 2797; x_wconf 92' lang='lat' dir='ltr'>una</span> <span class='ocrx_word' id='word_1_114' title='bbox 773 2716 864 2796; x_wconf 88' lang='lat' dir='ltr'>libra</span> <span class='ocrx_word' id='word_1_115' title='bbox 893 2717 984 2797; x_wconf 80' lang='lat' dir='ltr'>inira</span> <span class='ocrx_word' id='word_1_116' title='bbox 1011 2718 1058 2797; x_wconf 91' lang='lat' dir='ltr'>ad</span> <span class='ocrx_word' id='word_1_117' title='bbox 1085 2744 1213 2822; x_wconf 92' lang='lat' dir='ltr'>pesam</span> <span class='ocrx_word' id='word_1_118' title='bbox 1242 2717 1289 2797; x_wconf 91' lang='lat' dir='ltr'>de</span> <span class='ocrx_word' id='word_1_119' title='bbox 1318 2717 1414 2797; x_wconf 83' lang='lat' dir='ltr'>ferro</span> <span class='ocrx_word' id='word_1_120' title='bbox 1434 2744 1542 2823; x_wconf 92' lang='lat' dir='ltr'>super</span> <span class='ocrx_word' id='word_1_121' title='bbox 1566 2717 1742 2798; x_wconf 91' lang='lat' dir='ltr'>balanciis</span> <span class='ocrx_word' id='word_1_122' title='bbox 1769 2718 1829 2798; x_wconf 93' lang='lat' dir='ltr'>uel</span> <span class='ocrx_word' id='word_1_123' title='bbox 1848 2719 1953 2799; x_wconf 92' lang='lat' dir='ltr'>aliter</span> <span class='ocrx_word' id='word_1_124' title='bbox 1981 2719 2194 2801; x_wconf 93' lang='lat' dir='ltr'>dummodo</span> 
     </span>
     <span class='ocr_line' id='line_1_13' title="bbox 599 2875 2197 2982; baseline 0.003 -27"><span class='ocrx_word' id='word_1_125' title='bbox 599 2876 645 2955; x_wconf 90' lang='lat' dir='ltr'>sit</span> <span class='ocrx_word' id='word_1_126' title='bbox 674 2877 780 2955; x_wconf 90' lang='lat' dir='ltr'>iusta.</span> <span class='ocrx_word' id='word_1_127' title='bbox 810 2877 856 2954; x_wconf 87' lang='lat' dir='ltr'>Et</span> <span class='ocrx_word' id='word_1_128' title='bbox 882 2903 1041 2982; x_wconf 91' lang='lat' dir='ltr'>persona</span> <span class='ocrx_word' id='word_1_129' title='bbox 1069 2904 1139 2981; x_wconf 90' lang='lat' dir='ltr'>que</span> <span class='ocrx_word' id='word_1_130' title='bbox 1169 2875 1424 2956; x_wconf 86' lang='lat' dir='ltr'>contrafecerit</span> <span class='ocrx_word' id='word_1_131' title='bbox 1452 2875 1573 2956; x_wconf 92' lang='lat' dir='ltr'>soluat</span> <span class='ocrx_word' id='word_1_132' title='bbox 1601 2877 1754 2981; x_wconf 93' lang='lat' dir='ltr'>quocies</span> <span class='ocrx_word' id='word_1_133' title='bbox 1772 2876 1898 2956; x_wconf 85' lang='lat' dir='ltr'>fecerit</span> <span class='ocrx_word' id='word_1_134' title='bbox 1917 2877 2060 2958; x_wconf 92' lang='lat' dir='ltr'>solidos</span> <span class='ocrx_word' id='word_1_135' title='bbox 2079 2907 2128 2960; x_wconf 92' lang='lat' dir='ltr'>1u.</span> <span class='ocrx_word' id='word_1_136' title='bbox 2149 2879 2197 2964; x_wconf 87' lang='lat' dir='ltr'>Et</span> 
     </span>
     <span class='ocr_line' id='line_1_14' title="bbox 599 3034 2196 3142; baseline 0.003 -27"><span class='ocrx_word' id='word_1_137' title='bbox 599 3034 762 3142; x_wconf 90' lang='lat' dir='ltr'>quelibet</span> <span class='ocrx_word' id='word_1_138' title='bbox 789 3062 948 3140; x_wconf 89' lang='lat' dir='ltr'>persona</span> <span class='ocrx_word' id='word_1_139' title='bbox 974 3035 1093 3140; x_wconf 91' lang='lat' dir='ltr'>possit</span> <span class='ocrx_word' id='word_1_140' title='bbox 1122 3034 1208 3114; x_wconf 93' lang='lat' dir='ltr'>inde</span> <span class='ocrx_word' id='word_1_141' title='bbox 1236 3061 1418 3114; x_wconf 86' lang='lat' dir='ltr'>accusare.</span> <span class='ocrx_word' id='word_1_142' title='bbox 1448 3053 1485 3113; x_wconf 93' lang='lat' dir='ltr'>et</span> <span class='ocrx_word' id='word_1_143' title='bbox 1513 3035 1547 3114; x_wconf 94' lang='lat' dir='ltr'>ei</span> <span class='ocrx_word' id='word_1_144' title='bbox 1575 3034 1742 3114; x_wconf 88' lang='lat' dir='ltr'>credatur</span> <span class='ocrx_word' id='word_1_145' title='bbox 1759 3035 1969 3118; x_wconf 89' lang='lat' dir='ltr'>iuramento</span> <span class='ocrx_word' id='word_1_146' title='bbox 1999 3059 2036 3119; x_wconf 92' lang='lat' dir='ltr'>et</span> <span class='ocrx_word' id='word_1_147' title='bbox 2063 3041 2196 3121; x_wconf 90' lang='lat' dir='ltr'>habeat</span> 
     </span>
    </p>
   </div>
   <div class='ocr_carea' id='block_1_7' title="bbox 598 3194 1918 3297">
    <p class='ocr_par' dir='ltr' id='par_1_7' title="bbox 598 3194 1918 3297">
     <span class='ocr_line' id='line_1_15' title="bbox 598 3194 1918 3297; baseline -0.005 -27"><span class='ocrx_word' id='word_1_148' title='bbox 598 3194 745 3273; x_wconf 76' lang='lat' dir='ltr'>tertiam</span> <span class='ocrx_word' id='word_1_149' title='bbox 775 3212 916 3297; x_wconf 82' lang='lat' dir='ltr'>partem</span> <span class='ocrx_word' id='word_1_150' title='bbox 953 3195 1077 3274; x_wconf 76' lang='lat' dir='ltr'>banni.</span> <span class='ocrx_word' id='word_1_151' title='bbox 1098 3211 1132 3266; x_wconf 89' lang='lat' dir='ltr'>Et</span> <span class='ocrx_word' id='word_1_152' title='bbox 1151 3223 1265 3281; x_wconf 86' lang='lat' dir='ltr'>potestas</span> <span class='ocrx_word' id='word_1_153' title='bbox 1284 3211 1365 3280; x_wconf 86' lang='lat' dir='ltr'>possit</span> <span class='ocrx_word' id='word_1_154' title='bbox 1383 3211 1516 3280; x_wconf 85' lang='lat' dir='ltr'>inquirere</span> <span class='ocrx_word' id='word_1_155' title='bbox 1535 3210 1568 3263; x_wconf 86' lang='lat' dir='ltr'>ad</span> <span class='ocrx_word' id='word_1_156' title='bbox 1587 3226 1662 3263; x_wconf 86' lang='lat' dir='ltr'>suam</span> <span class='ocrx_word' id='word_1_157' title='bbox 1681 3210 1854 3264; x_wconf 76' lang='lat' dir='ltr'>uoluntatem,</span> <span class='ocrx_word' id='word_1_158' title='bbox 1873 3215 1918 3282; x_wconf 86' lang='lat'>(4)</span> 
     </span>
    </p>
   </div>
   <div class='ocr_carea' id='block_1_8' title="bbox 598 3529 2308 3848">
    <p class='ocr_par' dir='ltr' id='par_1_8' title="bbox 598 3529 2308 3848">
     <span class='ocr_line' id='line_1_16' title="bbox 598 3529 2308 3738; baseline -0.009 -47"><span class='ocrx_word' id='word_1_159' title='bbox 598 3529 802 3738; x_wconf 80' lang='lat' dir='ltr'>Qron</span> <span class='ocrx_word' id='word_1_160' title='bbox 821 3606 939 3688; x_wconf 87' lang='lat' dir='ltr'>uou</span> <span class='ocrx_word' id='word_1_161' title='bbox 959 3583 1287 3687; x_wconf 73' lang='lat' dir='ltr'>enarramus</span> <span class='ocrx_word' id='word_1_162' title='bbox 1307 3604 1361 3684; x_wconf 85' lang='lat' dir='ltr'>ru</span> <span class='ocrx_word' id='word_1_163' title='bbox 1380 3539 1599 3684; x_wconf 71' lang='lat' dir='ltr'>ausurus</span> <span class='ocrx_word' id='word_1_164' title='bbox 1617 3600 1737 3682; x_wconf 86' lang='lat' dir='ltr'>uou</span> <span class='ocrx_word' id='word_1_165' title='bbox 1755 3595 1974 3679; x_wconf 80' lang='lat' dir='ltr'>Possrur</span> <span class='ocrx_word' id='word_1_166' title='bbox 1993 3595 2191 3678; x_wconf 73' lang='lat' dir='ltr'>rucene</span> <span class='ocrx_word' id='word_1_167' title='bbox 2296 3537 2308 3732; x_wconf 29' lang='lat' dir='ltr'><em>J</em></span> 
     </span>
     <span class='ocr_line' id='line_1_17' title="bbox 756 3763 1010 3848; baseline -0.02 0"><span class='ocrx_word' id='word_1_168' title='bbox 756 3763 1010 3848; x_wconf 79' lang='lat' dir='ltr'>accusari.</span> 
     </span>
    </p>
   </div>
   <div class='ocr_carea' id='block_1_9' title="bbox 663 4011 2197 4216">
    <p class='ocr_par' dir='ltr' id='par_1_9' title="bbox 663 4011 2197 4216">
     <span class='ocr_line' id='line_1_18' title="bbox 663 4011 2197 4216; baseline 0.001 -46"><span class='ocrx_word' id='word_1_169' title='bbox 663 4011 836 4216; x_wconf 50' lang='lat' dir='ltr'>Qun</span> <span class='ocrx_word' id='word_1_170' title='bbox 865 4109 1044 4169; x_wconf 92' lang='lat' dir='ltr'>statutum</span> <span class='ocrx_word' id='word_1_171' title='bbox 1072 4108 1129 4168; x_wconf 91' lang='lat' dir='ltr'>est</span> <span class='ocrx_word' id='word_1_172' title='bbox 1156 4088 1257 4193; x_wconf 93' lang='lat' dir='ltr'>quod</span> <span class='ocrx_word' id='word_1_173' title='bbox 1286 4087 1407 4194; x_wconf 89' lang='lat' dir='ltr'>aliqua</span> <span class='ocrx_word' id='word_1_174' title='bbox 1433 4116 1594 4194; x_wconf 91' lang='lat' dir='ltr'>persona</span> <span class='ocrx_word' id='word_1_175' title='bbox 1622 4116 1693 4194; x_wconf 87' lang='lat' dir='ltr'>que</span> <span class='ocrx_word' id='word_1_176' title='bbox 1722 4117 1800 4170; x_wconf 94' lang='lat' dir='ltr'>non</span> <span class='ocrx_word' id='word_1_177' title='bbox 1826 4091 1966 4171; x_wconf 89' lang='lat' dir='ltr'>habitet</span> <span class='ocrx_word' id='word_1_178' title='bbox 1985 4092 2197 4173; x_wconf 83' lang='lat' dir='ltr'>inbaennis</span> 
     </span>
    </p>
   </div>
   <div class='ocr_carea' id='block_1_10' title="bbox 593 4223 2295 5624">
    <p class='ocr_par' dir='ltr' id='par_1_10' title="bbox 593 4223 2295 5466">
     <span class='ocr_line' id='line_1_19' title="bbox 598 4223 2197 4355; baseline -0.001 -24"><span class='ocrx_word' id='word_1_179' title='bbox 598 4278 684 4331; x_wconf 93' lang='lat' dir='ltr'>curn</span> <span class='ocrx_word' id='word_1_180' title='bbox 713 4250 800 4330; x_wconf 80' lang='lat' dir='ltr'>loco</span> <span class='ocrx_word' id='word_1_181' title='bbox 827 4223 980 4355; x_wconf 89' lang='lat' dir='ltr'>proprio</span> <span class='ocrx_word' id='word_1_182' title='bbox 1009 4267 1045 4327; x_wconf 92' lang='lat' dir='ltr'>et</span> <span class='ocrx_word' id='word_1_183' title='bbox 1073 4245 1240 4327; x_wconf 81' lang='lat' dir='ltr'>cathena.</span> <span class='ocrx_word' id='word_1_184' title='bbox 1270 4266 1307 4326; x_wconf 90' lang='lat' dir='ltr'>et</span> <span class='ocrx_word' id='word_1_185' title='bbox 1335 4274 1413 4327; x_wconf 93' lang='lat' dir='ltr'>non</span> <span class='ocrx_word' id='word_1_186' title='bbox 1440 4246 1578 4327; x_wconf 86' lang='lat' dir='ltr'>iaciens</span> <span class='ocrx_word' id='word_1_187' title='bbox 1610 4249 1728 4352; x_wconf 89' lang='lat' dir='ltr'>parias</span> <span class='ocrx_word' id='word_1_188' title='bbox 1757 4268 1794 4328; x_wconf 88' lang='lat' dir='ltr'>et</span> <span class='ocrx_word' id='word_1_189' title='bbox 1821 4248 1924 4328; x_wconf 88' lang='lat' dir='ltr'>alias</span> <span class='ocrx_word' id='word_1_190' title='bbox 1952 4250 2197 4330; x_wconf 92' lang='lat' dir='ltr'>condiciones</span> 
     </span>
     <span class='ocr_line' id='line_1_20' title="bbox 599 4404 2197 4514; baseline 0 -26"><span class='ocrx_word' id='word_1_191' title='bbox 599 4429 709 4514; x_wconf 92' lang='lat' dir='ltr'>atque</span> <span class='ocrx_word' id='word_1_192' title='bbox 737 4435 816 4488; x_wconf 94' lang='lat' dir='ltr'>non</span> <span class='ocrx_word' id='word_1_193' title='bbox 842 4406 997 4504; x_wconf 88' lang='lat' dir='ltr'>soluens</span> <span class='ocrx_word' id='word_1_194' title='bbox 1024 4405 1129 4487; x_wconf 86' lang='lat' dir='ltr'>fodra</span> <span class='ocrx_word' id='word_1_195' title='bbox 1158 4425 1194 4485; x_wconf 93' lang='lat' dir='ltr'>et</span> <span class='ocrx_word' id='word_1_196' title='bbox 1222 4404 1327 4484; x_wconf 89' lang='lat' dir='ltr'>talias</span> <span class='ocrx_word' id='word_1_197' title='bbox 1354 4432 1423 4510; x_wconf 95' lang='lat' dir='ltr'>pro</span> <span class='ocrx_word' id='word_1_198' title='bbox 1451 4406 1604 4486; x_wconf 91' lang='lat' dir='ltr'>comuni</span> <span class='ocrx_word' id='word_1_199' title='bbox 1637 4406 1864 4487; x_wconf 91' lang='lat' dir='ltr'>baennarum</span> <span class='ocrx_word' id='word_1_200' title='bbox 1892 4427 2051 4513; x_wconf 91' lang='lat' dir='ltr'>nequeat</span> <span class='ocrx_word' id='word_1_201' title='bbox 2078 4407 2197 4490; x_wconf 83' lang='lat' dir='ltr'>facere</span> 
     </span>
     <span class='ocr_line' id='line_1_21' title="bbox 598 4539 2197 4672; baseline 0.003 -27"><span class='ocrx_word' id='word_1_202' title='bbox 598 4566 712 4647; x_wconf 88' lang='lat' dir='ltr'>ullam</span> <span class='ocrx_word' id='word_1_203' title='bbox 740 4593 910 4645; x_wconf 91' lang='lat' dir='ltr'>accusam</span> <span class='ocrx_word' id='word_1_204' title='bbox 946 4566 992 4645; x_wconf 93' lang='lat' dir='ltr'>de</span> <span class='ocrx_word' id='word_1_205' title='bbox 1021 4565 1141 4669; x_wconf 88' lang='lat' dir='ltr'>aliqua</span> <span class='ocrx_word' id='word_1_206' title='bbox 1176 4592 1215 4645; x_wconf 91' lang='lat' dir='ltr'>re</span> <span class='ocrx_word' id='word_1_207' title='bbox 1249 4564 1310 4644; x_wconf 93' lang='lat' dir='ltr'>uel</span> <span class='ocrx_word' id='word_1_208' title='bbox 1338 4564 1437 4644; x_wconf 85' lang='lat' dir='ltr'>facto</span> <span class='ocrx_word' id='word_1_209' title='bbox 1465 4564 1591 4668; x_wconf 92' lang='lat' dir='ltr'>aliquo</span> <span class='ocrx_word' id='word_1_210' title='bbox 1619 4565 1750 4660; x_wconf 75' lang='lat' dir='ltr'>modo,</span> <span class='ocrx_word' id='word_1_211' title='bbox 1781 4539 1826 4645; x_wconf 85' lang='lat' dir='ltr'>Et</span> <span class='ocrx_word' id='word_1_212' title='bbox 1855 4567 1885 4646; x_wconf 97' lang='lat' dir='ltr'>si</span> <span class='ocrx_word' id='word_1_213' title='bbox 1913 4566 2033 4672; x_wconf 90' lang='lat' dir='ltr'>aliqua</span> <span class='ocrx_word' id='word_1_214' title='bbox 2065 4596 2197 4649; x_wconf 87' lang='lat' dir='ltr'>accusa</span> 
     </span>
     <span class='ocr_line' id='line_1_22' title="bbox 597 4722 2197 4828; baseline 0 -22"><span class='ocrx_word' id='word_1_215' title='bbox 597 4730 690 4806; x_wconf 87' lang='lat' dir='ltr'>lacta</span> <span class='ocrx_word' id='word_1_216' title='bbox 718 4724 826 4805; x_wconf 85' lang='lat' dir='ltr'>fuerit</span> <span class='ocrx_word' id='word_1_217' title='bbox 852 4751 917 4828; x_wconf 92' lang='lat' dir='ltr'>per</span> <span class='ocrx_word' id='word_1_218' title='bbox 944 4723 1106 4828; x_wconf 91' lang='lat' dir='ltr'>aliquam</span> <span class='ocrx_word' id='word_1_219' title='bbox 1135 4750 1180 4802; x_wconf 87' lang='lat' dir='ltr'>ex</span> <span class='ocrx_word' id='word_1_220' title='bbox 1208 4722 1383 4827; x_wconf 91' lang='lat' dir='ltr'>predictis</span> <span class='ocrx_word' id='word_1_221' title='bbox 1409 4722 1591 4827; x_wconf 92' lang='lat' dir='ltr'>personis.</span> <span class='ocrx_word' id='word_1_222' title='bbox 1622 4724 1668 4802; x_wconf 91' lang='lat' dir='ltr'>sit</span> <span class='ocrx_word' id='word_1_223' title='bbox 1696 4722 1779 4802; x_wconf 91' lang='lat' dir='ltr'>talis</span> <span class='ocrx_word' id='word_1_224' title='bbox 1807 4750 1936 4803; x_wconf 91' lang='lat' dir='ltr'>accusa</span> <span class='ocrx_word' id='word_1_225' title='bbox 1964 4724 2102 4805; x_wconf 92' lang='lat' dir='ltr'>nullius</span> <span class='ocrx_word' id='word_1_226' title='bbox 2130 4753 2197 4806; x_wconf 90' lang='lat' dir='ltr'>ua-</span> 
     </span>
     <span class='ocr_line' id='line_1_23' title="bbox 598 4867 2295 4986; baseline -0.001 -21"><span class='ocrx_word' id='word_1_227' title='bbox 598 4884 687 4965; x_wconf 91' lang='lat' dir='ltr'>loris</span> <span class='ocrx_word' id='word_1_228' title='bbox 716 4883 886 4964; x_wconf 92' lang='lat' dir='ltr'>omnino.</span> <span class='ocrx_word' id='word_1_229' title='bbox 919 4883 989 4961; x_wconf 94' lang='lat' dir='ltr'>nisi</span> <span class='ocrx_word' id='word_1_230' title='bbox 1018 4881 1079 4961; x_wconf 91' lang='lat' dir='ltr'>illa</span> <span class='ocrx_word' id='word_1_231' title='bbox 1107 4907 1264 4986; x_wconf 91' lang='lat' dir='ltr'>persona</span> <span class='ocrx_word' id='word_1_232' title='bbox 1285 4900 1382 4961; x_wconf 92' lang='lat' dir='ltr'>esset</span> <span class='ocrx_word' id='word_1_233' title='bbox 1402 4900 1573 4961; x_wconf 81' lang='lat' dir='ltr'>excusata</span> <span class='ocrx_word' id='word_1_234' title='bbox 1592 4898 1612 4960; x_wconf 86' lang='lat' dir='ltr'>a</span> <span class='ocrx_word' id='word_1_235' title='bbox 1631 4880 1737 4961; x_wconf 90' lang='lat' dir='ltr'>taleis</span> <span class='ocrx_word' id='word_1_236' title='bbox 1756 4900 1793 4960; x_wconf 91' lang='lat' dir='ltr'>et</span> <span class='ocrx_word' id='word_1_237' title='bbox 1811 4880 1892 4961; x_wconf 91' lang='lat' dir='ltr'>aliis</span> <span class='ocrx_word' id='word_1_238' title='bbox 1911 4883 2197 4965; x_wconf 88' lang='lat' dir='ltr'>condicionibus</span> <span class='ocrx_word' id='word_1_239' title='bbox 2292 4867 2295 4874; x_wconf 34' lang='lat'>¹</span> 
     </span>
     <span class='ocr_line' id='line_1_24' title="bbox 596 5038 2196 5146; baseline -0.002 -22"><span class='ocrx_word' id='word_1_240' title='bbox 596 5044 798 5125; x_wconf 91' lang='lat' dir='ltr'>acomuni</span> <span class='ocrx_word' id='word_1_241' title='bbox 828 5043 1066 5122; x_wconf 90' lang='lat' dir='ltr'>baennarum.</span> <span class='ocrx_word' id='word_1_242' title='bbox 1110 5060 1213 5120; x_wconf 91' lang='lat' dir='ltr'>certo</span> <span class='ocrx_word' id='word_1_243' title='bbox 1241 5058 1362 5144; x_wconf 84' lang='lat' dir='ltr'>pactu.</span> <span class='ocrx_word' id='word_1_244' title='bbox 1405 5057 1442 5117; x_wconf 85' lang='lat' dir='ltr'>et</span> <span class='ocrx_word' id='word_1_245' title='bbox 1469 5038 1540 5118; x_wconf 87' lang='lat' dir='ltr'>nisi</span> <span class='ocrx_word' id='word_1_246' title='bbox 1570 5059 1667 5119; x_wconf 92' lang='lat' dir='ltr'>esset</span> <span class='ocrx_word' id='word_1_247' title='bbox 1696 5067 1741 5119; x_wconf 84' lang='lat' dir='ltr'>ex</span> <span class='ocrx_word' id='word_1_248' title='bbox 1770 5039 1920 5120; x_wconf 91' lang='lat' dir='ltr'>decanis</span> <span class='ocrx_word' id='word_1_249' title='bbox 1947 5040 2008 5120; x_wconf 93' lang='lat' dir='ltr'>uel</span> <span class='ocrx_word' id='word_1_250' title='bbox 2048 5042 2196 5146; x_wconf 91' lang='lat' dir='ltr'>propria</span> 
     </span>
     <span class='ocr_line' id='line_1_25' title="bbox 596 5197 2195 5308; baseline -0.003 -25"><span class='ocrx_word' id='word_1_251' title='bbox 596 5203 734 5284; x_wconf 85' lang='lat' dir='ltr'>familia</span> <span class='ocrx_word' id='word_1_252' title='bbox 762 5202 969 5308; x_wconf 91' lang='lat' dir='ltr'>potestatis.</span> <span class='ocrx_word' id='word_1_253' title='bbox 986 5200 1044 5280; x_wconf 91' lang='lat' dir='ltr'>cui</span> <span class='ocrx_word' id='word_1_254' title='bbox 1064 5199 1125 5279; x_wconf 93' lang='lat' dir='ltr'>uel</span> <span class='ocrx_word' id='word_1_255' title='bbox 1152 5200 1285 5304; x_wconf 91' lang='lat' dir='ltr'>quibus</span> <span class='ocrx_word' id='word_1_256' title='bbox 1313 5224 1489 5278; x_wconf 90' lang='lat' dir='ltr'>concessa</span> <span class='ocrx_word' id='word_1_257' title='bbox 1509 5216 1607 5278; x_wconf 91' lang='lat' dir='ltr'>esset</span> <span class='ocrx_word' id='word_1_258' title='bbox 1626 5197 1746 5301; x_wconf 88' lang='lat' dir='ltr'>baylia</span> <span class='ocrx_word' id='word_1_259' title='bbox 1764 5198 1958 5278; x_wconf 88' lang='lat' dir='ltr'>accusandi</span> <span class='ocrx_word' id='word_1_260' title='bbox 1978 5198 2195 5279; x_wconf 88' lang='lat' dir='ltr'>aconscilio</span> 
     </span>
     <span class='ocr_line' id='line_1_26' title="bbox 593 5356 2196 5466; baseline -0.002 -25"><span class='ocrx_word' id='word_1_261' title='bbox 593 5368 836 5442; x_wconf 91' lang='lat' dir='ltr'>baennarum.</span> <span class='ocrx_word' id='word_1_262' title='bbox 866 5360 928 5466; x_wconf 93' lang='lat' dir='ltr'>qui</span> <span class='ocrx_word' id='word_1_263' title='bbox 957 5384 1127 5438; x_wconf 90' lang='lat' dir='ltr'>accusare</span> <span class='ocrx_word' id='word_1_264' title='bbox 1154 5358 1300 5463; x_wconf 91' lang='lat' dir='ltr'>possint</span> <span class='ocrx_word' id='word_1_265' title='bbox 1329 5375 1366 5437; x_wconf 92' lang='lat' dir='ltr'>et</span> <span class='ocrx_word' id='word_1_266' title='bbox 1393 5356 1548 5461; x_wconf 92' lang='lat' dir='ltr'>quilibet</span> <span class='ocrx_word' id='word_1_267' title='bbox 1590 5357 1757 5461; x_wconf 92' lang='lat' dir='ltr'>ipsorum</span> <span class='ocrx_word' id='word_1_268' title='bbox 1799 5356 1845 5436; x_wconf 93' lang='lat' dir='ltr'>de</span> <span class='ocrx_word' id='word_1_269' title='bbox 1888 5357 1960 5439; x_wconf 93' lang='lat' dir='ltr'>hiis</span> <span class='ocrx_word' id='word_1_270' title='bbox 1987 5357 2034 5437; x_wconf 94' lang='lat' dir='ltr'>de</span> <span class='ocrx_word' id='word_1_271' title='bbox 2063 5358 2196 5462; x_wconf 92' lang='lat' dir='ltr'>quibus</span> 
     </span>
    </p>

    <p class='ocr_par' dir='ltr' id='par_1_11' title="bbox 600 5514 2195 5624">
     <span class='ocr_line' id='line_1_27' title="bbox 600 5514 2195 5624; baseline -0.003 -25"><span class='ocrx_word' id='word_1_272' title='bbox 600 5519 719 5624; x_wconf 91' lang='lat' dir='ltr'>baylia</span> <span class='ocrx_word' id='word_1_273' title='bbox 749 5517 817 5599; x_wconf 94' lang='lat' dir='ltr'>sibi</span> <span class='ocrx_word' id='word_1_274' title='bbox 845 5544 1022 5599; x_wconf 90' lang='lat' dir='ltr'>concessa</span> <span class='ocrx_word' id='word_1_275' title='bbox 1051 5516 1158 5597; x_wconf 81' lang='lat' dir='ltr'>fuerit</span> <span class='ocrx_word' id='word_1_276' title='bbox 1186 5515 1381 5596; x_wconf 87' lang='lat' dir='ltr'>accusandi</span> <span class='ocrx_word' id='word_1_277' title='bbox 1423 5543 1443 5594; x_wconf 90' lang='lat' dir='ltr'>a</span> <span class='ocrx_word' id='word_1_278' title='bbox 1485 5514 1667 5595; x_wconf 92' lang='lat' dir='ltr'>conscilio</span> <span class='ocrx_word' id='word_1_279' title='bbox 1708 5514 1946 5596; x_wconf 86' lang='lat' dir='ltr'>baennarum.</span> <span class='ocrx_word' id='word_1_280' title='bbox 1977 5533 2015 5596; x_wconf 92' lang='lat' dir='ltr'>et</span> <span class='ocrx_word' id='word_1_281' title='bbox 2042 5541 2120 5596; x_wconf 94' lang='lat' dir='ltr'>non</span> <span class='ocrx_word' id='word_1_282' title='bbox 2149 5514 2195 5595; x_wconf 95' lang='lat' dir='ltr'>de</span> 
     </span>
    </p>
   </div>
   <div class='ocr_carea' id='block_1_11' title="bbox 0 0 2404 6694">
    <p class='ocr_par' dir='ltr' id='par_1_12' title="bbox 0 0 2404 6694">
     <span class='ocr_line' id='line_1_28' title="bbox 0 0 2404 6694; baseline 0 0"><span class='ocrx_word' id='word_1_283' title='bbox 0 0 2404 6694; x_wconf 95' lang='lat' dir='ltr'> </span> 
     </span>
    </p>
   </div>
  </div>
 </body>
</html>
