4800 6698
183 687 254 773 157
283 691 286 698 ·
377 560 493 737 DE
520 649 1022 735 montanismum
1049 650 1364 736 uxTRANEos
1383 645 1808 736 unssr‘mrorusus
1826 651 1980 735 anuu-

539 809 739 892 unuuu.

432 1034 527 1240 Q
536 1166 615 1220 rau
643 1139 674 1219 si
701 1166 773 1244 qua
800 1164 958 1244 persona
977 1166 1048 1244 que
1068 1166 1146 1219 non
1166 1139 1213 1219 sit
1232 1138 1278 1218 de
1297 1139 1452 1218 baennis
1474 1138 1610 1219 dixerit
1628 1136 1737 1218 alicui
1755 1136 1802 1218 de
1821 1137 1977 1218 baennis

377 1298 551 1378 iniuriam
569 1297 630 1378 uel
649 1296 799 1403 aliquod
827 1299 983 1377 uerbum
1009 1297 1263 1378 iniuriossum.
1283 1297 1405 1377 soluat
1423 1325 1491 1403 pro
1509 1323 1605 1403 pena
1624 1295 1768 1377 solidos
1785 1324 1836 1375 xx
1851 1295 1882 1376 si
1900 1295 1976 1376 hoc

376 1457 512 1538 dixerit
539 1458 577 1537 in
605 1457 759 1537 buennis
786 1456 846 1536 uel
873 1483 996 1561 posse.
1035 1476 1072 1536 et
1110 1457 1140 1537 si
1177 1482 1217 1537 se
1245 1455 1554 1537 concordauerint
1581 1456 1789 1536 remittatur
1817 1455 1871 1535 eis
1898 1481 1977 1558 me·
2044 1545 2045 1549 q

377 1617 495 1697 dietas
521 1614 628 1721 pene.

382 2057 495 2224 DE
521 2138 717 2224 lNlURlA
744 2139 905 2222 DICTA
932 2140 1240 2224 POTESTATl.

432 2353 615 2560 &aaut
643 2462 674 2542 si
701 2460 834 2566 aliquis
860 2461 1037 2566 potestati
1065 2460 1112 2540 de
1140 2460 1295 2540 baennis
1336 2459 1470 2540 dixerit
1511 2459 1684 2539 iniuriam
1725 2459 1786 2540 uel
1814 2456 1979 2541 dedecus

377 2619 438 2700 uel
465 2619 620 2700 traditor
648 2618 706 2699 uel
735 2620 902 2724 periurus
929 2638 992 2700 aut
1020 2619 1232 2699 mentimini
1270 2616 1393 2699 soluat
1419 2645 1487 2723 pro
1519 2643 1615 2723 pena
1650 2617 1672 2657 *
1709 2619 1890 2724 quociens
1925 2617 1979 2698 di-

303 2743 306 2749 *
378 2779 473 2859 xerit
499 2779 521 2818 '⁶
548 2778 616 2887 (r)
645 2779 789 2859 solidos
816 2806 876 2860 Lx.
907 2780 938 2859 si
966 2806 1057 2860 uero
1086 2778 1286 2860 extraxerit
1313 2804 1442 2859 uersus
1483 2804 1570 2858 eum
1607 2776 1771 2883 aliquem
1808 2777 1979 2883 gladium

378 2939 474 3018 irato
501 2939 642 3020 animo.
670 2938 731 3018 uel
758 2939 887 3018 animo
914 2937 1148 3043 percuciendi
1177 2964 1276 3017 eum.
1320 2936 1442 3018 soluat
1468 2964 1536 3042 pro
1563 2963 1658 3042 pena
1686 2936 1796 3017 libras
1822 2965 1859 3016 x.
1888 2964 1981 3042 quo-

378 3097 480 3177 ciens
507 3096 645 3178 fecerit.
675 3099 732 3177 Eo
760 3096 866 3206 saluo
893 3097 995 3203 quod
1024 3098 1054 3197 si
1082 3096 1214 3203 aliquis
1241 3096 1379 3198 diceret
1419 3097 1608 3202 potestati.
1637 3122 1709 3175 uos
1736 3093 1857 3202 facitis
1884 3096 1980 3176 mihi

379 3256 557 3337 oblicum.
586 3237 838 3362 penam‘'‘ind'e
865 3254 1134 3359 aliquam'non
1162 3256 1378 3335 substineat.
1494 3266 1497 3270 ’
1582 3260 1620 3269 ”
1691 3266 1709 3273 “·

381 3692 495 3860 DE
521 3772 854 3858 PERCUTIONE
880 3773 1055 3857 FACTA
1081 3773 1137 3858 IN
1165 3773 1407 3874 PERSONA
1433 3775 1741 3860 POTESTATI.

432 3989 528 4197 ἓξ
537 4128 618 4183 rau
645 4103 677 4181 si
704 4120 931 4206 potestatem
958 4100 1080 4207 aliqua
1111 4128 1271 4207 persona
1298 4102 1394 4182 irato
1425 4102 1554 4183 animo
1586 4102 1807 4207 percusserit
1839 4100 1982 4207 gladio.

379 4282 416 4344 et
443 4262 530 4343 inde
560 4261 713 4366 sanguis
742 4260 909 4341 exiuerit.
939 4251 1069 4340 soluat
1087 4283 1156 4366 pro
1183 4286 1279 4366 pena
1307 4259 1418 4340 libras
1436 4287 1459 4341 a
1477 4279 1656 4341 astenses.
1677 4262 1707 4342 si
1726 4288 1818 4342 uero
1837 4288 1885 4342 ex
1903 4262 1983 4368 ipsa

377 4422 615 4528 percussione
645 4420 797 4524 sanguis
825 4447 902 4500 non
932 4420 1099 4499 exiuerit.
1127 4418 1189 4500 uel
1216 4418 1321 4500 aliter
1349 4420 1388 4499 in
1416 4446 1504 4500 eum
1531 4447 1686 4501 manum
1706 4422 1872 4502 iniecerit
1890 4422 1984 4502 iniu-

377 4582 490 4663 riose.
520 4580 642 4660 soluat
669 4607 737 4684 pro
755 4606 851 4684 pena
870 4577 980 4659 libras
998 4607 1085 4658 xxv.
1106 4580 1153 4660 Et
1182 4580 1212 4658 si
1241 4578 1387 4660 soluere
1407 4607 1486 4660 non
1503 4600 1633 4685 posset
1651 4580 1713 4660 uel
1732 4578 1851 4661 nollet
1865 4579 1985 4661 dictas
2107 4664 2109 4667 ,

363 4740 493 4845 'penas
520 4739 692 4844 puniatur
720 4739 757 4817 in
784 4764 943 4843 persona
971 4738 1123 4818 arbitrio
1163 4737 1310 4818 domini
1352 4740 1517 4843 episcopi
1544 4738 1613 4847 (2)
1640 4739 1702 4819 uel
1731 4741 1810 4849 eius
1838 4739 1983 4821 iudicis.

378 4899 425 4979 Et
453 4899 483 4978 si
511 4897 643 5004 aliquis
669 4915 896 5002 potestatem
924 4894 1157 4977 interfecerit.
1187 4897 1289 5001 quod
1318 4896 1411 4977 deus
1438 4879 1600 4978 auertat.
1629 4897 1752 4978 soluat
1784 4898 1894 4979 libras
1921 4925 1984 4980 cc.

378 5077 416 5138 et
442 5077 623 5163 perpetuo
652 5058 699 5137 sit
729 5059 900 5137 bannitus
929 5075 965 5136 et
993 5054 1191 5137 forestatus
1226 5055 1314 5136 uille
1351 5057 1591 5137 baennarum.
1629 5058 1680 5137 ita
1708 5059 1811 5163 quod
1840 5059 1878 5138 in
1906 5058 1985 5163 ipsa

377 5215 465 5296 uilla
492 5215 656 5297 habitare
684 5243 763 5296 non
790 5216 921 5321 possit.
951 5234 988 5295 et
1016 5217 1046 5296 si
1075 5216 1201 5296 haberi
1232 5216 1370 5321 poterit
1397 5234 1520 5296 morte
1562 5217 1755 5296 moriatur.
1783 5217 1856 5297 nisi
1883 5215 1984 5297 licite

378 5376 451 5455 hoc
479 5374 605 5455 fecerit
633 5403 672 5456 se
701 5375 965 5457 deffendendo.
994 5411 1025 5460 et
1048 5392 1135 5460 idem
1157 5392 1353 5481 intelligatur
1374 5392 1413 5460 de
1437 5394 1452 5427 *
1476 5394 1608 5483 singulis
1637 5392 1826 5462 officialibus
1856 5393 1984 5462 curie*

377 5550 467 5620 saluo
490 5551 577 5640 quod
601 5552 640 5619 de
663 5575 744 5641 pena
766 5554 946 5640 pecuniaria
969 5576 1030 5643 que
1054 5553 1163 5620 locum
1185 5575 1253 5620 nou
1277 5552 1389 5620 habeat
1412 5554 1475 5620 nisi
1498 5576 1557 5642 pro
1582 5551 1751 5621 medietate
1775 5553 1792 5644 (
1815 5553 1841 5644 ).
