4800 6698
530 545 673 600 narum.
702 545 773 623 que
802 536 905 623 capte
934 516 1067 596 fuerint
1094 516 1133 594 in
1160 513 1262 594 dicto
1290 543 1412 621 posse.
1452 536 1488 595 et
1516 517 1578 620 qui
1606 514 1861 596 contrafecerit
1890 515 2011 595 soluat
2051 543 2119 619 pro

530 704 622 782 pena
652 694 688 756 et
716 675 840 755 banno
869 674 1013 755 solidos
1041 701 1103 753 xx.
1132 675 1285 779 quocies
1312 673 1567 753 contrafecerit
1593 693 1769 754 astenses.
1787 693 1823 753 et
1850 673 2013 778 quelibet
2040 694 2118 779 per·

531 861 623 914 sona
650 834 768 938 possit
796 832 881 912 inde
909 858 1089 911 accusare.
1134 850 1170 910 et
1211 832 1245 911 ei
1288 832 1496 947 iuramento
1518 831 1716 948 credatur.
1747 850 1783 910 et
1811 830 1944 911 habeat
1971 820 2122 910 tertiam·

528 1010 671 1097 partem
699 990 822 1070 banni.
852 1010 889 1069 et
917 988 1094 1069 dominus
1121 1007 1285 1093 potestas
1313 990 1429 1092 possit
1459 987 1544 1068 inde
1573 989 1755 1092 inquirere
1784 986 1829 1066 ad
1855 1007 1964 1067 'suam
1986 986 2115 1067 uolun-

531 1168 659 1229 tatem.

336 1678 412 1756 299
525 1582 635 1747 DE
662 1661 841 1744 FURTIS
868 1660 986 1742 NON
1013 1659 1346 1743 RECETANDIS.

592 1934 625 2064 ζ
641 1976 664 2043 ‚4-
692 1992 771 2046 ‘ren
799 1983 978 2045 statutum
1007 1987 1062 2043 est
1089 1964 1191 2067 quod
1232 1961 1352 2066 aliqua
1392 1989 1550 2067 persona
1593 1990 1670 2042 non
1697 1965 1816 2067 possit
1844 1982 2028 2069 receptare
2061 1963 2120 2044 uel

534 2125 710 2204 reducere
738 2108 859 2228 aliqua
887 2122 979 2202 furta
1008 2148 1073 2202 seu
1101 2119 1260 2225 aliquam
1280 2147 1359 2200 rem
1379 2116 1518 2200 furtiue
1529 2140 1672 2225 captam
1694 2122 1872 2204 scienter..
1890 2123 1936 2202 Et
1963 2148 2121 2226 persona

534 2309 606 2386 que
634 2259 889 2361 contrafecerit
917 2277 1038 2359 soluat
1066 2279 1095 2358 si
1125 2277 1232 2357 fuerit
1261 2277 1388 2357 ualens
1417 2277 1623 2358 solidorum
1651 2307 1675 2355 v
1704 2278 1763 2358 uel
1792 2279 1882 2359 infra
1909 2307 1978 2384 pro
1998 2282 2122 2360 banno

534 2438 678 2519 solidos
706 2465 765 2517 Lx.
795 2456 832 2517 et
860 2465 880 2516 a
909 2435 1038 2516 solidis
1066 2463 1089 2512 v
1119 2462 1225 2539 supra
1257 2434 1367 2515 libras
1394 2462 1419 2516 x
1448 2455 1484 2515 et
1513 2436 1687 2516 emendet
1719 2436 1868 2516 furtum.
1899 2456 1935 2516 et
1963 2463 2121 2542 persona

534 2625 605 2703 que
643 2597 788 2676 soluere
826 2624 904 2675 non
940 2597 1076 2702 poterit
1112 2621 1245 2701 penam
1281 2595 1483 2699 predictam
1519 2595 1694 2674 cochatur
1723 2597 1759 2673 in
1788 2593 1908 2676 fronte
1943 2595 2002 2675 uel
2037 2597 2122 2676 inci-

535 2754 639 2835 datur
668 2757 701 2835 ei
729 2754 941 2834 auriculam.
971 2755 1016 2833 Et
1045 2756 1074 2834 si
1103 2754 1234 2858 aliquis
1261 2773 1460 2858 receptaret
1489 2752 1547 2831 uel
1577 2754 1764 2832 reduceret
1793 2752 1913 2857 aliqua
1941 2751 2033 2834 furta
2058 2782 2123 2834 seu

535 2940 593 2993 res
621 2933 726 3018 capta
754 2912 885 2992 furtiue
914 2913 958 2991 ab
987 2911 1111 3016 aliquo
1141 2913 1319 2991 baraterio
1347 2911 1407 2990 uel
1435 2911 1609 2989 barateria
1647 2911 1706 2990 uel
1735 2911 1888 3021 ribaudo
1918 2939 1981 2991 seu
2010 2911 2123 2992 latro-

535 3070 643 3150 nibus
669 3069 825 3174 publicis
853 3069 973 3149 soluat
1001 3069 1117 3148 dictas
1143 3096 1256 3174 penas
1276 3069 1353 3148 sine
1373 3068 1493 3172 aliqua
1512 3069 1770 3148 excussatione
1790 3070 1867 3148 siue
1888 3071 2044 3169 scienter
2063 3068 2123 3148 uel

535 3255 613 3308 non
642 3227 760 3307 fuerit.
791 3229 836 3307 Et
865 3245 1029 3332 potestas
1056 3228 1173 3332 possit
1203 3213 1384 3330 inquirere
1412 3226 1457 3306 ad
1487 3254 1589 3305 suam
1611 3225 1856 3306 uoluntatem.

343 3751 417 3828 300
527 3651 638 3819 De
664 3713 914 3814 sesmuus
942 3694 1189 3814 couuurs.

592 3950 685 4154 Q
695 4069 773 4123 Ten
789 4061 966 4122 statutum
987 4060 1042 4121 est
1061 4041 1163 4145 quod
1182 4060 1347 4146 potestas
1366 4059 1532 4121 teneatur
1552 4043 1589 4120 in
1608 4068 1778 4122 mensem
1798 4070 1915 4122 unum
1928 4063 2126 4149 postquam

536 4201 707 4280 iurauerit
735 4201 906 4304 regimen
935 4199 1051 4279 facere
1080 4201 1155 4279 emi
1182 4227 1202 4279 a
1231 4201 1374 4280 sindico
1407 4201 1580 4280 comunis
1607 4200 1653 4280 de
1682 4201 1769 4281 here
1806 4203 1978 4282 comunis
2010 4230 2127 4282 unum

536 4358 729 4437 sestarium
757 4384 869 4436 unam
899 4347 1062 4437 eminam
1082 4377 1119 4437 et
1143 4385 1258 4436 unum
1285 4359 1509 4462 quarterium
1537 4385 1645 4438 causa
1672 4359 1874 4439 misurandi
1903 4388 2061 4464 granum
2090 4381 2127 4441 et

537 4515 665 4594 omnia
695 4513 811 4595 blada.
841 4517 903 4620 qui
931 4534 1114 4620 ponantur
1143 4541 1277 4595 omnes
1304 4536 1378 4595 tres
1415 4516 1461 4595 ad
1502 4543 1614 4596 unam
1642 4517 1848 4597 cathenam.
1879 4537 1916 4597 et
1944 4536 2037 4598 stare
2066 4519 2126 4598 de·

537 4674 646 4776 beant
675 4672 741 4752 sub
768 4675 912 4779 porticu
941 4676 1112 4754 comunis
1140 4675 1189 4754 ita
1217 4675 1318 4779 quod
1347 4702 1425 4754 non
1452 4666 1597 4780 possint
1625 4677 1809 4755 remoueri
1839 4676 1884 4755 de
1914 4676 2010 4756 dicta
2037 4705 2124 4781 por-

537 4831 624 4911 ticu.
644 4832 690 4911 ad
710 4859 801 4936 quas
829 4858 1021 4913 mensuras
1048 4832 1206 4912 debeant
1234 4833 1431 4912 recerchari
1452 4860 1586 4913 omnes
1614 4833 1683 4912 alie
1703 4860 1874 4913 mensure
1894 4833 1941 4913 de
1959 4835 2123 4915 baennis.

538 4989 583 5068 Et
612 4992 642 5069 si
670 5017 741 5094 qua
759 5017 917 5096 persona
935 4989 1139 5096 dampnum
1159 4990 1300 5070 dederit
1319 4990 1378 5070 uel
1398 4992 1646 5096 pegiorauerit
1665 4992 1781 5072 dictas
1799 4997 1995 5072 mensuras
2005 4991 2125 5073 soluat

537 5175 605 5253 pro
632 5175 726 5253 pena
754 5148 897 5228 solidos
924 5177 947 5226 v
976 5149 1043 5255 (2)
1072 5150 1223 5253 quocies
1264 5149 1516 5229 contrafecerit
1545 5170 1581 5230 et
1609 5150 1769 5254 quelibet
1810 5177 1967 5255 persona
2008 5154 2126 5256 possit

539 5304 625 5385 inde
658 5332 825 5386 accusare
859 5326 895 5386 et
923 5325 1088 5412 potestas
1117 5348 1274 5392 recercare
1303 5345 1333 5391 et
1364 5309 1555 5412 inquirere.
1587 5326 1625 5392 Et
1652 5325 1738 5415 quod
1770 5327 1874 5414 aliqua
1905 5349 2041 5416 persona
2068 5326 2125 5394 sub

539 5503 618 5568 pena
648 5479 824 5551 solidorum
849 5503 888 5549 ux
911 5481 967 5571 (3)
989 5505 1054 5549 non
1078 5487 1178 5572 possit
1205 5504 1313 5551 tenere
1342 5484 1478 5573 aliquam
1505 5507 1688 5551 mensuram
1712 5503 1746 5551 ut
1770 5508 1861 5573 supra
1892 5487 1953 5552 nisi
1981 5471 2124 5554 stantiata
