4800 6698
316 701 362 779 75
489 563 602 728 Du
629 642 913 728 ronunuus.

552 876 739 1079 &grau
754 1002 932 1069 statutum
947 983 1118 1087 estquod
1133 982 1287 1087 quilibet
1306 981 1486 1061 lornarius
1505 981 1637 1061 debeat
1656 981 1788 1059 ducere
1807 979 2007 1083 furniglam
2026 979 2093 1086 (6)

501 1142 547 1222 ad
576 1141 724 1220 furnum
753 1139 819 1220 sub
847 1166 941 1244 pena
969 1139 1205 1220 denariorum
1229 1165 1268 1217 vr
1291 1138 1443 1242 quocies
1470 1134 1735 1216 contrafecerit.
1765 1153 1802 1214 et
1829 1135 1930 1240 quod
1963 1136 2094 1240 aliquis

501 1297 683 1380 fornarius
711 1325 789 1379 non
816 1297 934 1402 possit
962 1323 1090 1402 capere
1109 1296 1156 1376 de
1183 1294 1326 1375 fornata
1354 1294 1447 1374 ultra
1475 1321 1588 1398 panes
1615 1321 1667 1375 xu
1686 1294 1732 1374 de
1756 1292 1909 1373 fornata.
1930 1311 1967 1372 et
1986 1320 2006 1372 a
2025 1291 2094 1372 for-

500 1474 587 1536 nata
615 1454 705 1535 infra
733 1482 847 1560 panes
874 1454 970 1534 duos
988 1481 1056 1559 pro
1076 1452 1243 1557 quolibet
1261 1451 1388 1532 tabulo
1416 1470 1565 1532 tenente
1595 1453 1747 1532 sterium
1767 1451 1834 1558 (7)
1853 1478 1971 1531 unum
1989 1454 2092 1554 grani

503 1611 570 1692 sub
598 1639 692 1716 pena
721 1611 928 1691 solidorum
956 1637 982 1689 x
1010 1637 1077 1714 pro
1106 1609 1267 1714 qualibet
1300 1635 1457 1714 persona
1486 1628 1523 1687 et
1550 1609 1711 1712 qualibet
1747 1609 1840 1688 uice.
1869 1626 1907 1688 et
1933 1608 2096 1712 quelibet

501 1796 661 1873 persona
688 1769 807 1872 possit
835 1767 921 1847 inde
948 1794 1116 1847 accusare
1141 1786 1178 1846 et
1195 1767 1362 1846 credatur
1390 1767 1613 1845 accusationi
1634 1791 1698 1846 sue
1726 1766 1947 1845 iuramento.
1967 1785 2004 1846 et
2023 1767 2095 1845 hoc

502 1942 670 2006 teneatur
698 1889 893 2004 obseruare
923 1926 1131 2003 iuramento
1164 1944 1200 2003 et
1228 1923 1328 2027 quod
1357 1922 1479 2002 nullus
1511 1921 1691 2002 fornarius
1722 1941 1845 2026 portet
1871 1922 1932 2001 uel
1959 1924 2095 2027 portari

503 2081 611 2162 faciat
639 2082 759 2186 aliqua
796 2081 898 2186 ligna
925 2109 946 2160 a
974 2079 1082 2160 furno
1119 2082 1186 2160 sub
1214 2107 1308 2185 pena
1346 2079 1552 2161 solidorum
1579 2107 1617 2161 111
1644 2107 1711 2184 pro
1744 2079 1906 2183 qualibet
1937 2081 2029 2160 uice.
2059 2099 2096 2160 et

503 2239 666 2345 quelibet
694 2267 851 2344 persona
879 2240 997 2343 possit
1024 2265 1193 2318 accusare
1231 2236 1534 2318 contrafacientes
1562 2255 1599 2317 et
1627 2239 1660 2318 ei
1689 2239 1897 2319 iuramento
1931 2237 2096 2317 credatur

504 2415 541 2476 et
560 2413 727 2475 teneatur
754 2396 906 2499 priuata.
927 2414 963 2474 et
982 2394 1115 2475 habeat
1142 2395 1289 2474 tertiam
1317 2414 1458 2498 partem
1487 2394 1609 2473 banni.
1631 2412 1667 2473 et
1681 2412 1846 2498 potestas
1873 2396 1991 2498 possit
2010 2394 2095 2473 inde

504 2555 685 2658 inquirere
721 2572 758 2633 et
789 2571 966 2632 teneatur.
997 2570 1034 2632 et
1062 2551 1234 2633 eamdem
1261 2579 1396 2656 penam
1425 2553 1626 2633 substineat
1654 2521 1816 2657 quelibet
1843 2579 2001 2657 persona
2025 2579 2095 2656 que

503 2710 607 2790 daret
643 2709 737 2789 ultra
771 2710 1014 2813 quantitatem
1046 2737 1114 2814 pro
1147 2710 1249 2789 dicto
1281 2709 1474 2789 fornatico.
1511 2709 1557 2788 Et
1588 2710 1690 2813 quod
1727 2709 1881 2813 quilibet
1918 2709 2099 2790 fornarius

505 2868 731 2946 baennarum
768 2884 935 2945 teneatur
968 2884 1091 2945 totum
1125 2893 1260 2970 panem
1292 2867 1354 2970 qui
1392 2865 1566 2945 cochetur
1603 2867 1641 2944 in
1674 2865 1782 2946 furno
1811 2867 1925 2970 ipsius
1956 2865 2097 2947 duabus

505 3024 648 3103 uicibus
675 3050 868 3102 numerare
897 3024 975 3102 siue
1003 3041 1148 3102 erutum
1177 3042 1213 3102 et
1241 3041 1402 3102 coctum.
1433 3041 1469 3101 et
1496 3023 1542 3103 ad
1571 3021 1717 3103 furnum
1744 3042 1914 3128 presente
1942 3024 2096 3104 domina

505 3180 566 3260 uel
594 3180 754 3260 domino
781 3181 886 3284 panis
914 3199 950 3259 et
978 3181 1168 3260 restituere
1196 3198 1341 3259 tantum
1369 3207 1504 3283 panem
1532 3199 1681 3260 coctum
1709 3199 1867 3284 quantus
1894 3180 2000 3261 fuerit
2021 3208 2098 3260 cru-

504 3339 586 3418 dus.
615 3358 771 3442 excepto
800 3356 837 3418 et
863 3338 1029 3418 detracto
1057 3365 1152 3442 pane
1179 3336 1359 3417 fornatici.
1389 3355 1426 3417 et
1453 3338 1643 3419 restituere
1670 3364 1805 3442 panem
1837 3340 2022 3443 perditum
2050 3300 2096 3419 ad

505 3494 652 3575 fumum
681 3496 927 3575 incontinenti
947 3513 984 3575 et
1011 3513 1209 3600 antequam
1237 3494 1330 3575 alius
1356 3496 1462 3599 panis
1489 3513 1617 3575 coctus
1645 3495 1858 3601 deportetur
1877 3524 1898 3576 a
1916 3495 2035 3575 furno.
2061 3515 2097 3575 et

505 3653 536 3731 si
564 3653 602 3732 in
630 3653 703 3731 hoc
731 3651 912 3732 furnarius
945 3650 1198 3732 contrafecerit
1234 3651 1354 3731 soluat
1381 3679 1448 3755 pro
1480 3679 1575 3756 pena
1603 3651 1745 3732 solidos
1772 3679 1799 3731 v
1826 3653 1978 3756 quocies
2011 3678 2097 3732 con·

504 3809 686 3889 trafecerit
714 3828 842 3889 contra
869 3809 1042 3913 predicta.
1064 3827 1100 3888 et
1119 3806 1384 3888 nichilominus
1411 3809 1589 3889 dominus
1616 3809 1675 3890 uel
1704 3810 1858 3889 domina
1885 3810 1974 3890 dicti
1992 3811 2098 3914 panis

504 3984 671 4046 teneatur
705 3994 897 4047 numerare
931 3967 1073 4067 dictum
1104 3993 1250 4070 panem.
1286 3983 1323 4045 et
1355 3965 1471 4047 facere
1504 3968 1571 4047 sibi
1609 3967 1750 4046 restitui
1787 3967 1928 4047 dictum
1961 3994 2096 4071 panem

503 4124 690 4227 perditum
717 4124 763 4203 ad
792 4122 939 4203 firmum
967 4141 1008 4202 ut
1035 4123 1177 4203 dictum
1206 4143 1273 4202 est.
1301 4141 1338 4204 et
1365 4150 1534 4203 accusare
1562 4123 1764 4204 fornarium
1792 4125 1838 4204 de
1865 4125 2039 4228 predictis
2066 4127 2096 4206 si

502 4280 666 4384 predicta
693 4278 753 4360 uel
781 4279 932 4384 aliquod
951 4280 1213 4384 predictorum
1246 4279 1363 4360 facere
1395 4281 1634 4360 recussauerit
1663 4281 1730 4360 sub
1763 4281 1894 4362 eadem
1922 4309 2027 4385 pena.
2059 4302 2095 4363 et

502 4435 666 4541 quelibet
693 4463 850 4540 persona
882 4438 1000 4540 possit
1033 4463 1201 4516 accusare
1233 4464 1410 4542 personas
1438 4439 1742 4519 contrafacientes
1773 4457 1902 4519 contra
1935 4440 2096 4543 predicta

503 4592 564 4672 uel
590 4593 741 4698 aliquod
769 4592 1031 4697 predictorum.
1062 4614 1099 4673 et
1126 4595 1160 4674 ei
1187 4596 1396 4675 iuramento
1425 4594 1601 4674 credatur.
1632 4615 1668 4675 et
1695 4595 1828 4677 habeat
1855 4596 2002 4677 tertiam
2021 4625 2097 4701 par·

502 4769 580 4831 tem
600 4750 712 4830 banni
740 4769 777 4831 et
804 4769 971 4833 teneatur
996 4753 1148 4857 priuata.
1179 4770 1215 4831 et
1242 4771 1407 4857 potestas
1434 4771 1600 4833 teneatur
1627 4752 1743 4833 facere
1772 4755 1888 4833 iurare
1916 4753 2097 4834 fornarios

501 4910 698 4989 obseruare
726 4909 900 5013 predicta.
930 4910 967 4987 in
995 4908 1175 5014 principio
1204 4911 1260 4989 sui
1286 4912 1492 5014 regiminis.
