4800 6696
528 557 665 636 penam
694 555 772 609 non
801 527 933 608 soluat.
963 529 1035 609 nisi
1062 554 1158 608 unus
1185 528 1301 609 alium
1329 525 1561 608 interfecerit.
1582 546 1618 608 et
1637 545 1725 607 tunc
1753 526 1875 607 soluat
1903 525 2128 606 interficiens

528 688 699 770 eiusdem
727 687 835 768 etatis
862 715 931 793 pro
958 714 1053 794 pena
1072 685 1182 767 libras
1210 716 1245 767 x.
1276 706 1313 767 et
1341 688 1372 767 si
1400 687 1597 768 occasione
1617 686 1714 766 dicte
1732 686 1983 792 percussionis
1996 683 2128 791 aliquis

527 848 696 953 ipsorum
733 846 924 927 minorum
961 847 1113 952 aliquod
1150 848 1364 929 membrum
1401 847 1599 926 amitteret.
1638 847 1845 951 percutiens
1880 846 2027 925 amittat
2058 871 2126 950 pro

527 1032 622 1112 pena
650 1004 795 1086 solidos
822 1032 885 1087 Lx.
915 1007 945 1086 si
973 1024 1099 1087 autem
1128 1007 1253 1087 minor
1280 1005 1442 1113 aliquem
1469 1006 1652 1086 maiorem
1680 1023 1721 1084 ut
1748 1006 1890 1085 dictum
1909 1023 1965 1085 est
1983 1030 2127 1110 percus·

527 1165 616 1245 serit
643 1191 722 1246 non
750 1183 919 1245 teneatur
947 1164 993 1245 de
1021 1193 1128 1270 pena.

329 1677 402 1760 155
518 1558 632 1725 Dr:
658 1639 835 1723 usmis
861 1639 1132 1723 mumosrs
1160 1639 1317 1722 mrsu
1344 1638 1608 1723 noturus,

584 1856 767 2062 Quen
794 1958 928 2041 mulier
956 1986 1020 2040 seu
1049 1958 1199 2041 femina.
1220 1988 1291 2068 que
1320 1960 1456 2041 dixerit
1482 1960 1587 2042 alteri
1615 1961 1761 2042 mulieri
1780 1961 1841 2042 uel
1859 1960 1997 2042 femine
2016 1962 2128 2043 mele·
2208 1998 2210 2004 ¹

523 2117 657 2198 tricem
684 2117 745 2198 uel
773 2117 871 2198 aliud
899 2137 1004 2224 turpe
1032 2120 1189 2201 uerbum
1208 2121 1443 2203 iniuriosum.
1463 2119 1585 2201 soluat
1602 2148 1671 2226 pro
1688 2149 1784 2227 pena
1812 2122 1965 2226 quocies
1993 2121 2127 2202 dixerit

524 2275 670 2358 solidos
697 2304 722 2356 v
750 2297 917 2358 astenses
954 2279 1027 2359 nisi
1068 2300 1192 2360 essent
1232 2278 1432 2362 familiares
1472 2297 1611 2360 stantes
1637 2279 1684 2359 ad
1713 2279 1890 2361 eumdem
1926 2305 2062 2384 panem
2090 2299 2127 2360 et

522 2437 668 2516 uinum.
698 2455 735 2516 et
763 2436 834 2516 nisi
862 2457 987 2518 essent
1016 2466 1176 2521 sorores
1204 2441 1318 2519 amita
1337 2459 1374 2520 et
1392 2439 1526 2545 neptis.
1555 2437 1617 2518 uel
1644 2439 1924 2543 consanguinea
1952 2438 2128 2518 iermana.

523 2622 595 2700 que
623 2595 796 2676 dedicta
823 2623 919 2701 pena
947 2624 1025 2676 non
1053 2616 1259 2677 teneantur.
1280 2599 1311 2677 si
1330 2625 1369 2678 se
1388 2597 1699 2678 concordauerint
1727 2598 1829 2678 iuxta
1856 2625 1921 2678 vrrr
1949 2597 2041 2678 dies
2066 2597 2128 2677 uel

485 2802 490 2810 ·
523 2751 594 2833 alie
622 2780 702 2834 non
729 2755 930 2834 attinentes
958 2782 1036 2835 non
1064 2773 1259 2836 teneantur
1286 2755 1332 2835 ad
1361 2756 1535 2837 eamdem
1563 2783 1710 2863 penam.

325 3237 401 3339 156
514 3138 628 3305 DE
644 3217 883 3303 ›MULIERE
911 3218 1272 3302 PERCUTIENTE
1299 3217 1466 3300 ALlAM
1492 3218 1774 3303 MUHEREM.

580 3435 760 3641 Qun
770 3550 801 3628 si
816 3548 937 3654 aliqua
952 3549 1085 3631 mulier
1105 3577 1170 3631 seu
1189 3549 1328 3632 femina
1342 3550 1504 3658 aliquam
1524 3551 1635 3632 aliam
1650 3551 1847 3633 mulierem
1867 3580 1932 3633 seu
1947 3551 2127 3635 feminam

453 3695 457 3702 ’
518 3707 740 3811 percusserit
768 3708 847 3787 sine
875 3707 1016 3812 gladio
1048 3708 1144 3789 unde
1173 3709 1326 3814 sanguis
1353 3737 1432 3812 non
1461 3729 1578 3791 exeat.
1608 3709 1669 3791 uel
1697 3738 1780 3790 eam
1807 3712 1946 3816 ceperit
1972 3739 2037 3816 per
2064 3740 2126 3792 ca-

518 3863 643 3970 pillos.
672 3865 774 3947 malo
802 3867 922 3947 modo
951 3885 988 3947 et
1016 3868 1110 3947 irato
1138 3868 1280 3949 animo.
1310 3867 1433 3949 soluat
1459 3897 1527 3975 pro
1555 3896 1651 3974 pena
1680 3867 1825 3949 solidos
1852 3896 1891 3949 x.
1920 3888 1957 3949 et
1986 3871 2016 3950 si
2045 3897 2126 3951 san·

520 4025 606 4129 guis
635 4025 790 4105 exiuerit
818 4025 962 4106 solidos
989 4054 1051 4106 xx.
1072 4027 1144 4107 nisi
1163 4028 1291 4107 lecerit
1309 4054 1349 4107 se
1368 4027 1632 4107 deffendendo.
1662 4047 1700 4108 et
1728 4046 1816 4107 tunc
1845 4028 1891 4107 de
1911 4027 2010 4108 dicta
2031 4055 2126 4134 pena

519 4212 599 4265 non
626 4203 807 4265 teneatur.
837 4186 884 4266 Et
912 4185 1086 4266 eamdem
1113 4213 1250 4292 penam
1283 4185 1487 4267 substineat
1528 4186 1662 4267 mulier
1689 4213 1761 4294 que
1789 4186 1899 4267 aliam
1928 4186 2124 4268 mulierem
2197 4279 2199 4283 ἲ

519 4341 758 4424 busssauerit.
787 4343 849 4424 uel
876 4371 1032 4464 manum
1060 4346 1154 4426 irato
1182 4346 1311 4427 animo
1330 4344 1435 4426 aliter
1463 4346 1501 4426 in
1530 4372 1614 4426 eam
1634 4347 1811 4427 iniecerit.
1841 4364 1878 4426 et
1906 4347 1937 4426 si
1965 4373 2004 4425 se
2033 4372 2126 4426 con·

520 4503 756 4583 cordauerint
783 4503 990 4584 remittatur
1019 4505 1072 4585 eis
1100 4531 1236 4609 penam
1254 4533 1323 4610 pro
1342 4504 1555 4586 medietate.
1585 4506 1658 4586 nisi
1685 4524 1810 4586 essent
1839 4532 1988 4586 sorores
2006 4523 2125 4585 mater

519 4679 556 4741 et
583 4660 672 4742 filia.
701 4661 763 4742 uel
791 4663 912 4768 neptis
941 4691 1006 4743 seu
1033 4663 1159 4743 amita.
1189 4690 1260 4769 que
1289 4664 1336 4744 de
1365 4663 1463 4745 dicta
1490 4691 1585 4771 pena
1612 4665 1708 4746 inter
1736 4692 1775 4746 se
1804 4692 1882 4746 non
1919 4683 2124 4745 teneantur.

398 4879 399 4883 κ
522 4820 553 4899 si
582 4839 723 4901 starent
750 4821 797 4901 ad
825 4849 943 4901 unum
971 4848 1108 4926 panem
1137 4841 1174 4902 et
1201 4823 1346 4903 uinum.
