<?xml version="1.0" encoding="UTF-8"?>
<!DOCTYPE html PUBLIC "-//W3C//DTD XHTML 1.0 Transitional//EN"
    "http://www.w3.org/TR/xhtml1/DTD/xhtml1-transitional.dtd">
<html xmlns="http://www.w3.org/1999/xhtml" xml:lang="en" lang="en">
 <head>
  <title>
</title>
<meta http-equiv="Content-Type" content="text/html;charset=utf-8" />
  <meta name='ocr-system' content='tesseract 3.04.00' />
  <meta name='ocr-capabilities' content='ocr_page ocr_carea ocr_par ocr_line ocrx_word'/>
</head>
<body>
  <div class='ocr_page' id='page_1' title='image "./capitulaetstatu00assagoog_0172.png"; bbox 0 0 4800 6696; ppageno 0'>
   <div class='ocr_carea' id='block_1_1' title="bbox 273 560 1974 996">
    <p class='ocr_par' dir='ltr' id='par_1_1' title="bbox 273 560 1974 996">
     <span class='ocr_line' id='line_1_1' title="bbox 273 560 1973 679; baseline -0.001 -23"><span class='ocrx_word' id='word_1_1' title='bbox 273 610 277 616; x_wconf 93' lang='lat'>·</span> <span class='ocrx_word' id='word_1_2' title='bbox 383 579 458 657; x_wconf 91' lang='lat' dir='ltr'>cies</span> <span class='ocrx_word' id='word_1_3' title='bbox 475 560 610 656; x_wconf 44' lang='lat' dir='ltr'>&#39;lecerit</span> <span class='ocrx_word' id='word_1_4' title='bbox 639 595 675 656; x_wconf 90' lang='lat' dir='ltr'>et</span> <span class='ocrx_word' id='word_1_5' title='bbox 702 575 863 654; x_wconf 91' lang='lat' dir='ltr'>totidem</span> <span class='ocrx_word' id='word_1_6' title='bbox 892 575 1043 653; x_wconf 89' lang='lat' dir='ltr'>comuni</span> <span class='ocrx_word' id='word_1_7' title='bbox 1073 601 1140 679; x_wconf 90' lang='lat' dir='ltr'>pro</span> <span class='ocrx_word' id='word_1_8' title='bbox 1170 574 1339 653; x_wconf 89' lang='lat' dir='ltr'>emenda.</span> <span class='ocrx_word' id='word_1_9' title='bbox 1360 575 1406 653; x_wconf 94' lang='lat' dir='ltr'>Et</span> <span class='ocrx_word' id='word_1_10' title='bbox 1426 574 1691 654; x_wconf 88' lang='lat' dir='ltr'>nichilominus</span> <span class='ocrx_word' id='word_1_11' title='bbox 1719 595 1886 655; x_wconf 89' lang='lat' dir='ltr'>teneatur</span> <span class='ocrx_word' id='word_1_12' title='bbox 1914 603 1973 664; x_wconf 80' lang='lat' dir='ltr'>ex-</span> 
     </span>
     <span class='ocr_line' id='line_1_2' title="bbox 382 732 1974 840; baseline -0.001 -26"><span class='ocrx_word' id='word_1_13' title='bbox 382 735 507 840; x_wconf 89' lang='lat' dir='ltr'>pedire</span> <span class='ocrx_word' id='word_1_14' title='bbox 537 735 654 814; x_wconf 89' lang='lat' dir='ltr'>dictas</span> <span class='ocrx_word' id='word_1_15' title='bbox 681 734 770 812; x_wconf 75' lang='lat' dir='ltr'>uias,</span> <span class='ocrx_word' id='word_1_16' title='bbox 800 734 846 811; x_wconf 92' lang='lat' dir='ltr'>Et</span> <span class='ocrx_word' id='word_1_17' title='bbox 874 732 991 812; x_wconf 85' lang='lat' dir='ltr'>lacere</span> <span class='ocrx_word' id='word_1_18' title='bbox 1019 751 1186 812; x_wconf 89' lang='lat' dir='ltr'>teneatur</span> <span class='ocrx_word' id='word_1_19' title='bbox 1214 751 1380 837; x_wconf 89' lang='lat' dir='ltr'>potestas</span> <span class='ocrx_word' id='word_1_20' title='bbox 1408 732 1974 837; x_wconf 55' lang='grc' dir='ltr'><strong>111131111111111111οΓ11011111113</strong></span> 
     </span>
     <span class='ocr_line' id='line_1_3' title="bbox 384 889 1972 996; baseline 0.001 -26"><span class='ocrx_word' id='word_1_21' title='bbox 384 893 446 996; x_wconf 92' lang='lat' dir='ltr'>qui</span> <span class='ocrx_word' id='word_1_22' title='bbox 475 890 633 971; x_wconf 88' lang='lat' dir='ltr'>debeant</span> <span class='ocrx_word' id='word_1_23' title='bbox 660 890 822 995; x_wconf 89' lang='lat' dir='ltr'>predicta</span> <span class='ocrx_word' id='word_1_24' title='bbox 842 891 1023 994; x_wconf 89' lang='lat' dir='ltr'>inquirere</span> <span class='ocrx_word' id='word_1_25' title='bbox 1044 907 1080 969; x_wconf 93' lang='lat' dir='ltr'>et</span> <span class='ocrx_word' id='word_1_26' title='bbox 1095 890 1303 993; x_wconf 85' lang='lat' dir='ltr'>designare.</span> <span class='ocrx_word' id='word_1_27' title='bbox 1324 892 1370 970; x_wconf 90' lang='lat' dir='ltr'>Et</span> <span class='ocrx_word' id='word_1_28' title='bbox 1389 892 1461 970; x_wconf 91' lang='lat' dir='ltr'>hoc</span> <span class='ocrx_word' id='word_1_29' title='bbox 1482 891 1706 995; x_wconf 71' lang='lat' dir='ltr'>intelligatur</span> <span class='ocrx_word' id='word_1_30' title='bbox 1726 889 1972 984; x_wconf 70' lang='lat' dir='ltr'>extratillam</span> 
     </span>
    </p>
   </div>
   <div class='ocr_carea' id='block_1_2' title="bbox 382 1047 715 1154">
    <p class='ocr_par' dir='ltr' id='par_1_2' title="bbox 382 1047 715 1154">
     <span class='ocr_line' id='line_1_4' title="bbox 382 1047 715 1154; baseline -0.003 -27"><span class='ocrx_word' id='word_1_31' title='bbox 382 1050 618 1127; x_wconf 88' lang='lat' dir='ltr'>baennarum.</span> <span class='ocrx_word' id='word_1_32' title='bbox 648 1047 715 1154; x_wconf 83' lang='lat'>(3)</span> 
     </span>
    </p>
   </div>
   <div class='ocr_carea' id='block_1_3' title="bbox 380 1389 1972 1730">
    <p class='ocr_par' dir='ltr' id='par_1_3' title="bbox 380 1389 1972 1730">
     <span class='ocr_line' id='line_1_5' title="bbox 380 1389 1972 1553; baseline -0.009 0"><span class='ocrx_word' id='word_1_33' title='bbox 380 1389 488 1553; x_wconf 82' lang='lat' dir='ltr'>DE</span> <span class='ocrx_word' id='word_1_34' title='bbox 516 1463 1012 1547; x_wconf 81' lang='lat' dir='ltr'><strong>ATERMINATORIBUS</strong></span> <span class='ocrx_word' id='word_1_35' title='bbox 1040 1462 1107 1542; x_wconf 90' lang='lat' dir='ltr'>ET</span> <span class='ocrx_word' id='word_1_36' title='bbox 1136 1460 1322 1543; x_wconf 87' lang='lat' dir='ltr'><strong>EORUM</strong></span> <span class='ocrx_word' id='word_1_37' title='bbox 1349 1460 1663 1541; x_wconf 84' lang='lat' dir='ltr'><strong>IURAMENTO</strong></span> <span class='ocrx_word' id='word_1_38' title='bbox 1704 1486 1750 1538; x_wconf 81' lang='grc'>11</span> <span class='ocrx_word' id='word_1_39' title='bbox 1782 1486 1876 1540; x_wconf 74' lang='lat' dir='ltr'>prun</span> <span class='ocrx_word' id='word_1_40' title='bbox 1914 1487 1972 1540; x_wconf 78' lang='lat' dir='ltr'>nn-</span> 
     </span>
     <span class='ocr_line' id='line_1_6' title="bbox 544 1642 994 1730; baseline -0.002 -33"><span class='ocrx_word' id='word_1_41' title='bbox 544 1644 785 1730; x_wconf 79' lang='lat' dir='ltr'>nnucnunun</span> <span class='ocrx_word' id='word_1_42' title='bbox 804 1642 994 1697; x_wconf 77' lang='grc'><strong>1111111101.</strong></span> 
     </span>
    </p>
   </div>
   <div class='ocr_carea' id='block_1_4' title="bbox 305 1845 2083 3945">
    <p class='ocr_par' dir='ltr' id='par_1_4' title="bbox 305 1845 2083 3945">
     <span class='ocr_line' id='line_1_7' title="bbox 442 1845 1975 2046; baseline 0 -23"><span class='ocrx_word' id='word_1_43' title='bbox 442 1845 535 2046; x_wconf 51' lang='lat' dir='ltr'><em>Q</em></span> <span class='ocrx_word' id='word_1_44' title='bbox 542 1969 619 2023; x_wconf 77' lang='grc'><strong>1111</strong></span> <span class='ocrx_word' id='word_1_45' title='bbox 648 1961 827 2023; x_wconf 88' lang='lat' dir='ltr'>statutum</span> <span class='ocrx_word' id='word_1_46' title='bbox 857 1961 912 2022; x_wconf 90' lang='lat' dir='ltr'>est</span> <span class='ocrx_word' id='word_1_47' title='bbox 940 1941 1041 2046; x_wconf 93' lang='lat' dir='ltr'>quod</span> <span class='ocrx_word' id='word_1_48' title='bbox 1070 1960 1236 2046; x_wconf 86' lang='lat' dir='ltr'>potestas</span> <span class='ocrx_word' id='word_1_49' title='bbox 1263 1959 1431 2026; x_wconf 80' lang='lat' dir='ltr'>teneatur</span> <span class='ocrx_word' id='word_1_50' title='bbox 1459 1959 1496 2021; x_wconf 87' lang='lat' dir='ltr'>et</span> <span class='ocrx_word' id='word_1_51' title='bbox 1523 1935 1655 2021; x_wconf 87' lang='lat' dir='ltr'>debeat</span> <span class='ocrx_word' id='word_1_52' title='bbox 1691 1941 1807 2021; x_wconf 88' lang='lat' dir='ltr'>lacere</span> <span class='ocrx_word' id='word_1_53' title='bbox 1841 1969 1975 2023; x_wconf 89' lang='lat' dir='ltr'>omnes</span> 
     </span>
     <span class='ocr_line' id='line_1_8' title="bbox 382 2099 2083 2206; baseline -0.001 -24"><span class='ocrx_word' id='word_1_54' title='bbox 382 2103 664 2182; x_wconf 87' lang='lat' dir='ltr'>aterminatores</span> <span class='ocrx_word' id='word_1_55' title='bbox 692 2102 753 2206; x_wconf 90' lang='lat' dir='ltr'>qui</span> <span class='ocrx_word' id='word_1_56' title='bbox 782 2127 921 2205; x_wconf 89' lang='lat' dir='ltr'>ponere</span> <span class='ocrx_word' id='word_1_57' title='bbox 950 2099 1143 2180; x_wconf 87' lang='lat' dir='ltr'>debuerint</span> <span class='ocrx_word' id='word_1_58' title='bbox 1172 2100 1249 2184; x_wconf 88' lang='lat' dir='ltr'>siue</span> <span class='ocrx_word' id='word_1_59' title='bbox 1278 2101 1471 2178; x_wconf 92' lang='lat' dir='ltr'>constituti</span> <span class='ocrx_word' id='word_1_60' title='bbox 1504 2100 1636 2179; x_wconf 89' lang='lat' dir='ltr'>luerint</span> <span class='ocrx_word' id='word_1_61' title='bbox 1663 2127 1802 2205; x_wconf 90' lang='lat' dir='ltr'>ponere</span> <span class='ocrx_word' id='word_1_62' title='bbox 1830 2099 1975 2205; x_wconf 87' lang='lat' dir='ltr'>aliquos</span> <span class='ocrx_word' id='word_1_63' title='bbox 2077 2107 2083 2120; x_wconf 87' lang='lat'>&#39;</span> 
     </span>
     <span class='ocr_line' id='line_1_9' title="bbox 305 2257 1976 2374; baseline -0.001 -35"><span class='ocrx_word' id='word_1_64' title='bbox 305 2371 307 2374; x_wconf 13' lang='grc' dir='ltr'>ι</span> <span class='ocrx_word' id='word_1_65' title='bbox 382 2262 565 2340; x_wconf 91' lang='lat' dir='ltr'>terminos</span> <span class='ocrx_word' id='word_1_66' title='bbox 592 2261 630 2339; x_wconf 94' lang='lat' dir='ltr'>in</span> <span class='ocrx_word' id='word_1_67' title='bbox 658 2258 784 2364; x_wconf 89' lang='lat' dir='ltr'>aliquo</span> <span class='ocrx_word' id='word_1_68' title='bbox 812 2258 899 2338; x_wconf 94' lang='lat' dir='ltr'>loco</span> <span class='ocrx_word' id='word_1_69' title='bbox 928 2259 1023 2339; x_wconf 88' lang='lat' dir='ltr'>inter</span> <span class='ocrx_word' id='word_1_70' title='bbox 1051 2257 1192 2367; x_wconf 88' lang='lat' dir='ltr'>aliquas</span> <span class='ocrx_word' id='word_1_71' title='bbox 1220 2284 1397 2361; x_wconf 88' lang='lat' dir='ltr'>personas</span> <span class='ocrx_word' id='word_1_72' title='bbox 1424 2259 1540 2337; x_wconf 91' lang='lat' dir='ltr'>iurare</span> <span class='ocrx_word' id='word_1_73' title='bbox 1568 2284 1707 2363; x_wconf 89' lang='lat' dir='ltr'>ponere</span> <span class='ocrx_word' id='word_1_74' title='bbox 1749 2259 1871 2338; x_wconf 92' lang='lat' dir='ltr'>dictos</span> <span class='ocrx_word' id='word_1_75' title='bbox 1906 2277 1976 2338; x_wconf 90' lang='lat' dir='ltr'>ter·</span> 
     </span>
     <span class='ocr_line' id='line_1_10' title="bbox 381 2415 2015 2499; baseline -0.001 -1"><span class='ocrx_word' id='word_1_76' title='bbox 381 2419 508 2498; x_wconf 89' lang='lat' dir='ltr'>minos</span> <span class='ocrx_word' id='word_1_77' title='bbox 534 2418 633 2497; x_wconf 89' lang='lat' dir='ltr'>bona</span> <span class='ocrx_word' id='word_1_78' title='bbox 661 2415 747 2497; x_wconf 89' lang='lat' dir='ltr'>fide.</span> <span class='ocrx_word' id='word_1_79' title='bbox 778 2435 815 2497; x_wconf 91' lang='lat' dir='ltr'>et</span> <span class='ocrx_word' id='word_1_80' title='bbox 843 2417 975 2497; x_wconf 88' lang='lat' dir='ltr'>habeat</span> <span class='ocrx_word' id='word_1_81' title='bbox 1003 2417 1244 2499; x_wconf 83' lang='lat' dir='ltr'>aterminator</span> <span class='ocrx_word' id='word_1_82' title='bbox 1273 2443 1337 2496; x_wconf 91' lang='lat' dir='ltr'>seu</span> <span class='ocrx_word' id='word_1_83' title='bbox 1366 2419 1647 2497; x_wconf 87' lang='lat' dir='ltr'>aterminatores</span> <span class='ocrx_word' id='word_1_84' title='bbox 1675 2419 1753 2496; x_wconf 90' lang='lat' dir='ltr'>siue</span> <span class='ocrx_word' id='word_1_85' title='bbox 1796 2417 1842 2496; x_wconf 91' lang='lat' dir='ltr'>sit</span> <span class='ocrx_word' id='word_1_86' title='bbox 1879 2444 1975 2497; x_wconf 92' lang='lat' dir='ltr'>unus</span> <span class='ocrx_word' id='word_1_87' title='bbox 2009 2417 2015 2426; x_wconf 85' lang='grc'><strong><em>’</em></strong></span> 
     </span>
     <span class='ocr_line' id='line_1_11' title="bbox 383 2574 1975 2688; baseline 0 -33"><span class='ocrx_word' id='word_1_88' title='bbox 383 2577 461 2656; x_wconf 90' lang='lat' dir='ltr'>siue</span> <span class='ocrx_word' id='word_1_89' title='bbox 492 2576 565 2656; x_wconf 92' lang='lat' dir='ltr'>sint</span> <span class='ocrx_word' id='word_1_90' title='bbox 592 2575 726 2680; x_wconf 87' lang='lat' dir='ltr'>plures.</span> <span class='ocrx_word' id='word_1_91' title='bbox 757 2577 835 2688; x_wconf 90' lang='lat' dir='ltr'>siue</span> <span class='ocrx_word' id='word_1_92' title='bbox 863 2595 979 2680; x_wconf 83' lang='lat' dir='ltr'>ponat</span> <span class='ocrx_word' id='word_1_93' title='bbox 1007 2576 1045 2655; x_wconf 94' lang='lat' dir='ltr'>in</span> <span class='ocrx_word' id='word_1_94' title='bbox 1074 2575 1160 2656; x_wconf 89' lang='lat' dir='ltr'>uilla</span> <span class='ocrx_word' id='word_1_95' title='bbox 1198 2574 1424 2655; x_wconf 86' lang='lat' dir='ltr'>baennarum</span> <span class='ocrx_word' id='word_1_96' title='bbox 1468 2575 1545 2654; x_wconf 92' lang='lat' dir='ltr'>siue</span> <span class='ocrx_word' id='word_1_97' title='bbox 1588 2594 1703 2654; x_wconf 84' lang='lat' dir='ltr'>extra.</span> <span class='ocrx_word' id='word_1_98' title='bbox 1733 2576 1779 2655; x_wconf 92' lang='lat' dir='ltr'>de</span> <span class='ocrx_word' id='word_1_99' title='bbox 1808 2576 1975 2681; x_wconf 89' lang='lat' dir='ltr'>quolibet</span> 
     </span>
     <span class='ocr_line' id='line_1_12' title="bbox 381 2732 1974 2839; baseline -0.001 -26"><span class='ocrx_word' id='word_1_100' title='bbox 381 2736 545 2814; x_wconf 91' lang='lat' dir='ltr'>termino</span> <span class='ocrx_word' id='word_1_101' title='bbox 573 2761 685 2839; x_wconf 88' lang='lat' dir='ltr'>quem</span> <span class='ocrx_word' id='word_1_102' title='bbox 714 2735 900 2839; x_wconf 90' lang='lat' dir='ltr'>possuerit</span> <span class='ocrx_word' id='word_1_103' title='bbox 928 2733 1102 2813; x_wconf 87' lang='lat' dir='ltr'>denarios</span> <span class='ocrx_word' id='word_1_104' title='bbox 1129 2761 1191 2813; x_wconf 94' lang='grc'><strong>1111.</strong></span> <span class='ocrx_word' id='word_1_105' title='bbox 1221 2734 1248 2812; x_wconf 89' lang='lat' dir='ltr'>si</span> <span class='ocrx_word' id='word_1_106' title='bbox 1279 2733 1419 2812; x_wconf 93' lang='lat' dir='ltr'>dictum</span> <span class='ocrx_word' id='word_1_107' title='bbox 1459 2733 1617 2812; x_wconf 92' lang='lat' dir='ltr'>loerium</span> <span class='ocrx_word' id='word_1_108' title='bbox 1645 2733 1791 2837; x_wconf 88' lang='lat' dir='ltr'>petierit</span> <span class='ocrx_word' id='word_1_109' title='bbox 1821 2760 1885 2812; x_wconf 91' lang='lat' dir='ltr'>seu</span> <span class='ocrx_word' id='word_1_110' title='bbox 1913 2732 1974 2812; x_wconf 89' lang='lat' dir='ltr'>ha·</span> 
     </span>
     <span class='ocr_line' id='line_1_13' title="bbox 382 2889 1974 2996; baseline -0.001 -26"><span class='ocrx_word' id='word_1_111' title='bbox 382 2893 467 2972; x_wconf 89' lang='lat' dir='ltr'>bere</span> <span class='ocrx_word' id='word_1_112' title='bbox 504 2890 675 2970; x_wconf 89' lang='lat' dir='ltr'>uoluerit.</span> <span class='ocrx_word' id='word_1_113' title='bbox 710 2893 756 2970; x_wconf 91' lang='lat' dir='ltr'>Et</span> <span class='ocrx_word' id='word_1_114' title='bbox 784 2910 950 2996; x_wconf 90' lang='lat' dir='ltr'>potestas</span> <span class='ocrx_word' id='word_1_115' title='bbox 987 2910 1155 2970; x_wconf 88' lang='lat' dir='ltr'>teneatur</span> <span class='ocrx_word' id='word_1_116' title='bbox 1196 2892 1452 2993; x_wconf 86' lang='lat' dir='ltr'>constringere</span> <span class='ocrx_word' id='word_1_117' title='bbox 1495 2917 1629 2970; x_wconf 91' lang='lat' dir='ltr'>omnes</span> <span class='ocrx_word' id='word_1_118' title='bbox 1670 2889 1811 2970; x_wconf 87' lang='lat' dir='ltr'>electos</span> <span class='ocrx_word' id='word_1_119' title='bbox 1845 2893 1896 2970; x_wconf 93' lang='lat' dir='ltr'>ire</span> <span class='ocrx_word' id='word_1_120' title='bbox 1928 2890 1974 2969; x_wconf 86' lang='lat' dir='ltr'>ad</span> 
     </span>
     <span class='ocr_line' id='line_1_14' title="bbox 383 3046 1975 3152; baseline -0.001 -23"><span class='ocrx_word' id='word_1_121' title='bbox 383 3047 692 3130; x_wconf 85' lang='lat' dir='ltr'>aterminandum.</span> <span class='ocrx_word' id='word_1_122' title='bbox 724 3068 760 3127; x_wconf 90' lang='lat' dir='ltr'>et</span> <span class='ocrx_word' id='word_1_123' title='bbox 787 3046 904 3127; x_wconf 80' lang='lat' dir='ltr'>facere</span> <span class='ocrx_word' id='word_1_124' title='bbox 933 3049 1049 3128; x_wconf 93' lang='lat' dir='ltr'>teneri</span> <span class='ocrx_word' id='word_1_125' title='bbox 1079 3066 1116 3127; x_wconf 91' lang='lat' dir='ltr'>et</span> <span class='ocrx_word' id='word_1_126' title='bbox 1144 3047 1331 3127; x_wconf 89' lang='lat' dir='ltr'>obseruari</span> <span class='ocrx_word' id='word_1_127' title='bbox 1360 3049 1542 3128; x_wconf 90' lang='lat' dir='ltr'>terminos</span> <span class='ocrx_word' id='word_1_128' title='bbox 1560 3048 1706 3152; x_wconf 89' lang='lat' dir='ltr'>positos</span> <span class='ocrx_word' id='word_1_129' title='bbox 1733 3075 1797 3152; x_wconf 90' lang='lat' dir='ltr'>per</span> <span class='ocrx_word' id='word_1_130' title='bbox 1825 3050 1975 3128; x_wconf 90' lang='lat' dir='ltr'>atermi-</span> 
     </span>
     <span class='ocr_line' id='line_1_15' title="bbox 383 3204 1974 3310; baseline -0.001 -24"><span class='ocrx_word' id='word_1_131' title='bbox 383 3225 533 3286; x_wconf 89' lang='lat' dir='ltr'>natores</span> <span class='ocrx_word' id='word_1_132' title='bbox 561 3207 654 3286; x_wconf 90' lang='lat' dir='ltr'>sicut</span> <span class='ocrx_word' id='word_1_133' title='bbox 681 3206 795 3310; x_wconf 94' lang='lat' dir='ltr'>positi</span> <span class='ocrx_word' id='word_1_134' title='bbox 823 3205 970 3285; x_wconf 85' lang='lat' dir='ltr'>fuerint.</span> <span class='ocrx_word' id='word_1_135' title='bbox 1000 3207 1050 3285; x_wconf 87' lang='lat' dir='ltr'>ita</span> <span class='ocrx_word' id='word_1_136' title='bbox 1079 3206 1180 3310; x_wconf 93' lang='lat' dir='ltr'>quod</span> <span class='ocrx_word' id='word_1_137' title='bbox 1222 3205 1346 3286; x_wconf 91' lang='lat' dir='ltr'>nullus</span> <span class='ocrx_word' id='word_1_138' title='bbox 1375 3206 1461 3285; x_wconf 95' lang='lat' dir='ltr'>inde</span> <span class='ocrx_word' id='word_1_139' title='bbox 1490 3204 1643 3285; x_wconf 90' lang='lat' dir='ltr'>ulterius</span> <span class='ocrx_word' id='word_1_140' title='bbox 1671 3206 1849 3286; x_wconf 86' lang='lat' dir='ltr'>audiatur.</span> <span class='ocrx_word' id='word_1_141' title='bbox 1879 3206 1900 3245; x_wconf 69' lang='lat'>³⁶</span> <span class='ocrx_word' id='word_1_142' title='bbox 1929 3207 1974 3285; x_wconf 87' lang='lat' dir='ltr'>Et</span> 
     </span>
     <span class='ocr_line' id='line_1_16' title="bbox 384 3363 1975 3471; baseline 0 -28"><span class='ocrx_word' id='word_1_143' title='bbox 384 3364 506 3444; x_wconf 89' lang='lat' dir='ltr'>nullus</span> <span class='ocrx_word' id='word_1_144' title='bbox 525 3363 616 3445; x_wconf 82' lang='lat' dir='ltr'>infra</span> <span class='ocrx_word' id='word_1_145' title='bbox 635 3366 818 3445; x_wconf 89' lang='lat' dir='ltr'>terminos</span> <span class='ocrx_word' id='word_1_146' title='bbox 837 3364 983 3469; x_wconf 92' lang='lat' dir='ltr'>positos</span> <span class='ocrx_word' id='word_1_147' title='bbox 1002 3364 1061 3444; x_wconf 92' lang='lat' dir='ltr'>uel</span> <span class='ocrx_word' id='word_1_148' title='bbox 1081 3364 1280 3469; x_wconf 92' lang='lat' dir='ltr'>ponendos</span> <span class='ocrx_word' id='word_1_149' title='bbox 1304 3392 1367 3469; x_wconf 88' lang='lat' dir='ltr'>per</span> <span class='ocrx_word' id='word_1_150' title='bbox 1386 3368 1679 3445; x_wconf 86' lang='lat' dir='ltr'>aterminatores.</span> <span class='ocrx_word' id='word_1_151' title='bbox 1700 3392 1888 3445; x_wconf 86' lang='lat' dir='ltr'>cassezare</span> <span class='ocrx_word' id='word_1_152' title='bbox 1907 3364 1975 3471; x_wconf 89' lang='lat'>(4)</span> 
     </span>
     <span class='ocr_line' id='line_1_17' title="bbox 383 3523 1974 3628; baseline -0.001 -26"><span class='ocrx_word' id='word_1_153' title='bbox 383 3551 452 3603; x_wconf 94' lang='lat' dir='ltr'>nec</span> <span class='ocrx_word' id='word_1_154' title='bbox 480 3523 646 3603; x_wconf 88' lang='lat' dir='ltr'>laborare</span> <span class='ocrx_word' id='word_1_155' title='bbox 665 3524 793 3628; x_wconf 91' lang='lat' dir='ltr'>possit.</span> <span class='ocrx_word' id='word_1_156' title='bbox 816 3523 862 3602; x_wconf 89' lang='lat' dir='ltr'>Et</span> <span class='ocrx_word' id='word_1_157' title='bbox 882 3524 912 3602; x_wconf 89' lang='lat' dir='ltr'>si</span> <span class='ocrx_word' id='word_1_158' title='bbox 941 3550 1011 3627; x_wconf 89' lang='lat' dir='ltr'>qua</span> <span class='ocrx_word' id='word_1_159' title='bbox 1039 3549 1199 3628; x_wconf 87' lang='lat' dir='ltr'>persona</span> <span class='ocrx_word' id='word_1_160' title='bbox 1218 3543 1422 3603; x_wconf 84' lang='lat' dir='ltr'>anancaret</span> <span class='ocrx_word' id='word_1_161' title='bbox 1440 3523 1602 3628; x_wconf 89' lang='lat' dir='ltr'>aliquem</span> <span class='ocrx_word' id='word_1_162' title='bbox 1621 3524 1824 3603; x_wconf 89' lang='lat' dir='ltr'>terminum</span> <span class='ocrx_word' id='word_1_163' title='bbox 1853 3524 1974 3604; x_wconf 90' lang='lat' dir='ltr'>soluat</span> 
     </span>
     <span class='ocr_line' id='line_1_18' title="bbox 383 3679 1973 3787; baseline 0.001 -27"><span class='ocrx_word' id='word_1_164' title='bbox 383 3709 450 3786; x_wconf 93' lang='lat' dir='ltr'>pro</span> <span class='ocrx_word' id='word_1_165' title='bbox 478 3682 604 3770; x_wconf 88' lang='lat' dir='ltr'>banno</span> <span class='ocrx_word' id='word_1_166' title='bbox 632 3682 784 3786; x_wconf 92' lang='lat' dir='ltr'>quocies</span> <span class='ocrx_word' id='word_1_167' title='bbox 812 3681 939 3761; x_wconf 79' lang='lat' dir='ltr'>lecerit</span> <span class='ocrx_word' id='word_1_168' title='bbox 968 3679 1112 3761; x_wconf 91' lang='lat' dir='ltr'>solidos</span> <span class='ocrx_word' id='word_1_169' title='bbox 1139 3707 1199 3761; x_wconf 82' lang='lat' dir='ltr'>tx.</span> <span class='ocrx_word' id='word_1_170' title='bbox 1229 3701 1349 3786; x_wconf 87' lang='lat' dir='ltr'>preter</span> <span class='ocrx_word' id='word_1_171' title='bbox 1375 3681 1477 3787; x_wconf 93' lang='lat' dir='ltr'>quod</span> <span class='ocrx_word' id='word_1_172' title='bbox 1507 3683 1536 3762; x_wconf 92' lang='lat' dir='ltr'>si</span> <span class='ocrx_word' id='word_1_173' title='bbox 1565 3700 1751 3762; x_wconf 87' lang='grc'><strong>1111111111</strong></span> <span class='ocrx_word' id='word_1_174' title='bbox 1780 3709 1844 3762; x_wconf 91' lang='lat' dir='ltr'>seu</span> <span class='ocrx_word' id='word_1_175' title='bbox 1872 3710 1973 3762; x_wconf 88' lang='lat' dir='ltr'>aran·</span> 
     </span>
     <span class='ocr_line' id='line_1_19' title="bbox 384 3838 1974 3945; baseline -0.001 -26"><span class='ocrx_word' id='word_1_176' title='bbox 384 3857 502 3920; x_wconf 86' lang='lat' dir='ltr'>casset</span> <span class='ocrx_word' id='word_1_177' title='bbox 530 3866 624 3919; x_wconf 91' lang='lat' dir='ltr'>cum·</span> <span class='ocrx_word' id='word_1_178' title='bbox 644 3865 765 3919; x_wconf 90' lang='lat' dir='ltr'>massa</span> <span class='ocrx_word' id='word_1_179' title='bbox 793 3838 933 3919; x_wconf 88' lang='lat' dir='ltr'>arando</span> <span class='ocrx_word' id='word_1_180' title='bbox 961 3856 1109 3918; x_wconf 87' lang='lat' dir='ltr'>terram.</span> <span class='ocrx_word' id='word_1_181' title='bbox 1130 3840 1172 3918; x_wconf 94' lang='lat' dir='ltr'>ln</span> <span class='ocrx_word' id='word_1_182' title='bbox 1191 3866 1268 3944; x_wconf 93' lang='lat' dir='ltr'>quo</span> <span class='ocrx_word' id='word_1_183' title='bbox 1296 3866 1381 3919; x_wconf 90' lang='lat' dir='ltr'>casu</span> <span class='ocrx_word' id='word_1_184' title='bbox 1410 3838 1531 3919; x_wconf 90' lang='lat' dir='ltr'>soluat</span> <span class='ocrx_word' id='word_1_185' title='bbox 1549 3867 1617 3945; x_wconf 87' lang='lat' dir='ltr'>pro</span> <span class='ocrx_word' id='word_1_186' title='bbox 1636 3839 1760 3919; x_wconf 90' lang='lat' dir='ltr'>banno</span> <span class='ocrx_word' id='word_1_187' title='bbox 1789 3839 1932 3920; x_wconf 88' lang='lat' dir='ltr'>solidos</span> <span class='ocrx_word' id='word_1_188' title='bbox 1950 3869 1974 3918; x_wconf 87' lang='lat' dir='ltr'>x</span> 
     </span>
    </p>
   </div>
   <div class='ocr_carea' id='block_1_5' title="bbox 262 3995 1974 4104">
    <p class='ocr_par' dir='ltr' id='par_1_5' title="bbox 262 3995 1974 4104">
     <span class='ocr_line' id='line_1_20' title="bbox 262 3995 1974 4104; baseline 0.001 -28"><span class='ocrx_word' id='word_1_189' title='bbox 262 4096 264 4103; x_wconf 17' lang='grc' dir='ltr'>Ι</span> <span class='ocrx_word' id='word_1_190' title='bbox 384 3999 535 4102; x_wconf 92' lang='lat' dir='ltr'>quocies</span> <span class='ocrx_word' id='word_1_191' title='bbox 563 3995 698 4076; x_wconf 85' lang='lat' dir='ltr'>lecerit.</span> <span class='ocrx_word' id='word_1_192' title='bbox 726 3997 772 4076; x_wconf 87' lang='lat' dir='ltr'>Et</span> <span class='ocrx_word' id='word_1_193' title='bbox 800 3997 873 4076; x_wconf 95' lang='lat' dir='ltr'>hoc</span> <span class='ocrx_word' id='word_1_194' title='bbox 901 4023 979 4075; x_wconf 95' lang='lat' dir='ltr'>non</span> <span class='ocrx_word' id='word_1_195' title='bbox 1007 3996 1125 4101; x_wconf 90' lang='lat' dir='ltr'>possit</span> <span class='ocrx_word' id='word_1_196' title='bbox 1152 3998 1337 4076; x_wconf 90' lang='lat' dir='ltr'>remoueri</span> <span class='ocrx_word' id='word_1_197' title='bbox 1366 3996 1546 4077; x_wconf 92' lang='lat' dir='ltr'>conscilio</span> <span class='ocrx_word' id='word_1_198' title='bbox 1574 3996 1634 4077; x_wconf 90' lang='lat' dir='ltr'>uel</span> <span class='ocrx_word' id='word_1_199' title='bbox 1661 3996 1735 4076; x_wconf 88' lang='lat' dir='ltr'>alio</span> <span class='ocrx_word' id='word_1_200' title='bbox 1755 3997 1886 4078; x_wconf 92' lang='lat' dir='ltr'>modo.</span> <span class='ocrx_word' id='word_1_201' title='bbox 1907 3998 1974 4104; x_wconf 84' lang='lat'>(5)</span> 
     </span>
    </p>
   </div>
   <div class='ocr_carea' id='block_1_6' title="bbox 380 4345 1964 4660">
    <p class='ocr_par' dir='ltr' id='par_1_6' title="bbox 380 4345 1964 4660">
     <span class='ocr_line' id='line_1_21' title="bbox 380 4345 1964 4508; baseline -0.009 -4"><span class='ocrx_word' id='word_1_202' title='bbox 380 4345 489 4507; x_wconf 84' lang='lat' dir='ltr'>DE</span> <span class='ocrx_word' id='word_1_203' title='bbox 518 4422 755 4502; x_wconf 88' lang='lat' dir='ltr'><strong>FOSSATO</strong></span> <span class='ocrx_word' id='word_1_204' title='bbox 784 4418 1046 4499; x_wconf 80' lang='lat' dir='ltr'><strong>FACIENDO</strong></span> <span class='ocrx_word' id='word_1_205' title='bbox 1066 4419 1120 4496; x_wconf 86' lang='grc' dir='ltr'>ΙΝ</span> <span class='ocrx_word' id='word_1_206' title='bbox 1139 4415 1355 4496; x_wconf 84' lang='lat' dir='ltr'><strong>UlLLARE</strong></span> <span class='ocrx_word' id='word_1_207' title='bbox 1377 4414 1535 4508; x_wconf 90' lang='lat' dir='ltr'><strong>LEQUl</strong></span> <span class='ocrx_word' id='word_1_208' title='bbox 1564 4411 1721 4493; x_wconf 89' lang='lat' dir='ltr'><strong>INTER</strong></span> <span class='ocrx_word' id='word_1_209' title='bbox 1740 4412 1964 4493; x_wconf 88' lang='lat' dir='ltr'><strong>COMUNE</strong></span> 
     </span>
     <span class='ocr_line' id='line_1_22' title="bbox 535 4580 875 4660; baseline -0.006 0"><span class='ocrx_word' id='word_1_210' title='bbox 535 4582 601 4660; x_wconf 91' lang='lat' dir='ltr'>ET</span> <span class='ocrx_word' id='word_1_211' title='bbox 629 4580 875 4660; x_wconf 86' lang='lat' dir='ltr'><strong>HOMINES.</strong></span> 
     </span>
    </p>
   </div>
   <div class='ocr_carea' id='block_1_7' title="bbox 443 4779 1974 4994">
    <p class='ocr_par' dir='ltr' id='par_1_7' title="bbox 443 4779 1974 4994">
     <span class='ocr_line' id='line_1_23' title="bbox 443 4779 1974 4994; baseline -0.001 -23"><span class='ocrx_word' id='word_1_212' title='bbox 443 4779 620 4981; x_wconf 50' lang='lat' dir='ltr'>Qum</span> <span class='ocrx_word' id='word_1_213' title='bbox 649 4890 750 4994; x_wconf 93' lang='lat' dir='ltr'>quod</span> <span class='ocrx_word' id='word_1_214' title='bbox 782 4889 944 4994; x_wconf 90' lang='lat' dir='ltr'>quelibet</span> <span class='ocrx_word' id='word_1_215' title='bbox 972 4916 1130 4993; x_wconf 85' lang='lat' dir='ltr'>persona</span> <span class='ocrx_word' id='word_1_216' title='bbox 1159 4915 1230 4993; x_wconf 93' lang='lat' dir='ltr'>que</span> <span class='ocrx_word' id='word_1_217' title='bbox 1259 4886 1368 4967; x_wconf 87' lang='lat' dir='ltr'>habet</span> <span class='ocrx_word' id='word_1_218' title='bbox 1397 4907 1530 4967; x_wconf 89' lang='lat' dir='ltr'>terram</span> <span class='ocrx_word' id='word_1_219' title='bbox 1558 4907 1703 4993; x_wconf 90' lang='lat' dir='ltr'>pratum</span> <span class='ocrx_word' id='word_1_220' title='bbox 1733 4888 1792 4968; x_wconf 93' lang='lat' dir='ltr'>uel</span> <span class='ocrx_word' id='word_1_221' title='bbox 1825 4891 1974 4969; x_wconf 92' lang='lat' dir='ltr'>uineam</span> 
     </span>
    </p>
   </div>
   <div class='ocr_carea' id='block_1_8' title="bbox 383 5045 1973 5469">
    <p class='ocr_par' dir='ltr' id='par_1_8' title="bbox 383 5045 1973 5469">
     <span class='ocr_line' id='line_1_24' title="bbox 383 5045 1973 5152; baseline -0.001 -23"><span class='ocrx_word' id='word_1_222' title='bbox 383 5053 485 5129; x_wconf 84' lang='lat' dir='ltr'>iuxta</span> <span class='ocrx_word' id='word_1_223' title='bbox 514 5076 675 5129; x_wconf 89' lang='lat' dir='ltr'>comune</span> <span class='ocrx_word' id='word_1_224' title='bbox 704 5050 741 5127; x_wconf 96' lang='lat' dir='ltr'>in</span> <span class='ocrx_word' id='word_1_225' title='bbox 770 5047 914 5127; x_wconf 87' lang='lat' dir='ltr'>uillario</span> <span class='ocrx_word' id='word_1_226' title='bbox 943 5047 1040 5152; x_wconf 93' lang='lat' dir='ltr'>lequi</span> <span class='ocrx_word' id='word_1_227' title='bbox 1068 5064 1235 5127; x_wconf 90' lang='lat' dir='ltr'>teneatur</span> <span class='ocrx_word' id='word_1_228' title='bbox 1263 5064 1299 5125; x_wconf 93' lang='lat' dir='ltr'>et</span> <span class='ocrx_word' id='word_1_229' title='bbox 1327 5045 1458 5126; x_wconf 89' lang='lat' dir='ltr'>debeat</span> <span class='ocrx_word' id='word_1_230' title='bbox 1486 5045 1602 5126; x_wconf 88' lang='lat' dir='ltr'>lacere</span> <span class='ocrx_word' id='word_1_231' title='bbox 1634 5045 1814 5126; x_wconf 88' lang='lat' dir='ltr'>fossatum</span> <span class='ocrx_word' id='word_1_232' title='bbox 1856 5075 1973 5127; x_wconf 91' lang='lat' dir='ltr'>unum</span> 
     </span>
     <span class='ocr_line' id='line_1_25' title="bbox 383 5205 1973 5312; baseline -0.001 -25"><span class='ocrx_word' id='word_1_233' title='bbox 383 5208 429 5288; x_wconf 92' lang='lat' dir='ltr'>de</span> <span class='ocrx_word' id='word_1_234' title='bbox 458 5236 482 5288; x_wconf 96' lang='grc'>11</span> <span class='ocrx_word' id='word_1_235' title='bbox 510 5206 666 5312; x_wconf 90' lang='lat' dir='ltr'>pedibus</span> <span class='ocrx_word' id='word_1_236' title='bbox 694 5208 787 5286; x_wconf 92' lang='lat' dir='ltr'>inter</span> <span class='ocrx_word' id='word_1_237' title='bbox 817 5234 856 5286; x_wconf 92' lang='lat' dir='ltr'>se</span> <span class='ocrx_word' id='word_1_238' title='bbox 885 5225 921 5285; x_wconf 92' lang='lat' dir='ltr'>et</span> <span class='ocrx_word' id='word_1_239' title='bbox 949 5233 1122 5286; x_wconf 91' lang='lat' dir='ltr'>comune.</span> <span class='ocrx_word' id='word_1_240' title='bbox 1152 5231 1268 5309; x_wconf 92' lang='lat' dir='ltr'>usque</span> <span class='ocrx_word' id='word_1_241' title='bbox 1297 5206 1342 5283; x_wconf 91' lang='lat' dir='ltr'>ad</span> <span class='ocrx_word' id='word_1_242' title='bbox 1372 5206 1507 5284; x_wconf 87' lang='lat' dir='ltr'>lestum</span> <span class='ocrx_word' id='word_1_243' title='bbox 1534 5232 1642 5309; x_wconf 87' lang='lat' dir='ltr'>pasce</span> <span class='ocrx_word' id='word_1_244' title='bbox 1671 5205 1737 5284; x_wconf 91' lang='lat' dir='ltr'>sub</span> <span class='ocrx_word' id='word_1_245' title='bbox 1766 5233 1860 5310; x_wconf 91' lang='lat' dir='ltr'>pena</span> <span class='ocrx_word' id='word_1_246' title='bbox 1888 5206 1973 5287; x_wconf 91' lang='lat' dir='ltr'>soli-</span> 
     </span>
     <span class='ocr_line' id='line_1_26' title="bbox 383 5359 1973 5469; baseline -0.002 -24"><span class='ocrx_word' id='word_1_247' title='bbox 383 5365 517 5446; x_wconf 93' lang='lat' dir='ltr'>dorum</span> <span class='ocrx_word' id='word_1_248' title='bbox 545 5392 583 5445; x_wconf 88' lang='lat'>111</span> <span class='ocrx_word' id='word_1_249' title='bbox 610 5392 677 5469; x_wconf 88' lang='lat' dir='ltr'>pro</span> <span class='ocrx_word' id='word_1_250' title='bbox 706 5364 866 5469; x_wconf 88' lang='lat' dir='ltr'>qualibet</span> <span class='ocrx_word' id='word_1_251' title='bbox 888 5359 1046 5469; x_wconf 89' lang='lat' dir='ltr'>persona</span> <span class='ocrx_word' id='word_1_252' title='bbox 1065 5391 1136 5469; x_wconf 93' lang='lat' dir='ltr'>que</span> <span class='ocrx_word' id='word_1_253' title='bbox 1156 5361 1429 5443; x_wconf 80' lang='grc'><strong>10111111111111.</strong></span> <span class='ocrx_word' id='word_1_254' title='bbox 1450 5364 1496 5442; x_wconf 91' lang='lat' dir='ltr'>Et</span> <span class='ocrx_word' id='word_1_255' title='bbox 1515 5362 1780 5443; x_wconf 89' lang='lat' dir='ltr'>nichilominus</span> <span class='ocrx_word' id='word_1_256' title='bbox 1807 5383 1973 5444; x_wconf 89' lang='lat' dir='ltr'>teneatur</span> 
     </span>
    </p>
   </div>
   <div class='ocr_carea' id='block_1_9' title="bbox 382 5520 1856 5628">
    <p class='ocr_par' dir='ltr' id='par_1_9' title="bbox 382 5520 1856 5628">
     <span class='ocr_line' id='line_1_27' title="bbox 382 5520 1856 5628; baseline 0.002 -25"><span class='ocrx_word' id='word_1_257' title='bbox 382 5520 499 5603; x_wconf 81' lang='lat' dir='ltr'>facere</span> <span class='ocrx_word' id='word_1_258' title='bbox 526 5522 667 5603; x_wconf 87' lang='lat' dir='ltr'>dictum</span> <span class='ocrx_word' id='word_1_259' title='bbox 695 5521 886 5603; x_wconf 79' lang='lat' dir='ltr'>fossatum.</span> <span class='ocrx_word' id='word_1_260' title='bbox 916 5541 955 5607; x_wconf 86' lang='lat' dir='ltr'>Et</span> <span class='ocrx_word' id='word_1_261' title='bbox 978 5539 1064 5628; x_wconf 91' lang='lat' dir='ltr'>quod</span> <span class='ocrx_word' id='word_1_262' title='bbox 1086 5557 1226 5628; x_wconf 84' lang='lat' dir='ltr'>potestas</span> <span class='ocrx_word' id='word_1_263' title='bbox 1249 5540 1350 5627; x_wconf 91' lang='lat' dir='ltr'>possit</span> <span class='ocrx_word' id='word_1_264' title='bbox 1374 5556 1405 5606; x_wconf 90' lang='lat' dir='ltr'>et</span> <span class='ocrx_word' id='word_1_265' title='bbox 1427 5557 1570 5607; x_wconf 90' lang='lat' dir='ltr'>teneatur</span> <span class='ocrx_word' id='word_1_266' title='bbox 1592 5539 1666 5606; x_wconf 86' lang='lat' dir='ltr'>inde</span> <span class='ocrx_word' id='word_1_267' title='bbox 1688 5542 1856 5628; x_wconf 88' lang='lat' dir='ltr'>inquirere.</span> 
     </span>
    </p>
   </div>
   <div class='ocr_carea' id='block_1_10' title="bbox 0 0 2404 6692">
    <p class='ocr_par' dir='ltr' id='par_1_10' title="bbox 0 0 2404 6692">
     <span class='ocr_line' id='line_1_28' title="bbox 0 0 2404 6692; baseline 0 0"><span class='ocrx_word' id='word_1_268' title='bbox 0 0 2404 6692; x_wconf 95' lang='lat' dir='ltr'> </span> 
     </span>
    </p>
   </div>
  </div>
 </body>
</html>
