4800 6696
1236 173 1268 239 V

457 482 495 580 fi
623 539 655 584 x·
686 436 825 604 Quod
849 504 1044 554 monstretur
1066 487 1103 554 ad
1128 487 1275 554 occulum
1299 487 1388 553 locus
1412 486 1450 554 de
1474 507 1538 574 quo
1561 485 1642 552 facta
1664 502 1711 553 est
1734 507 1852 552 accusa.

685 700 824 869 Quod
848 751 950 818 banna
973 750 1137 818 soluantur
1160 773 1177 816 a
1200 749 1388 839 pastoribus.

633 1084 640 1095 ,
686 945 825 1114 Quod
848 1019 959 1065 accuse
981 997 1057 1064 fiant
1081 997 1161 1064 infra
1184 1015 1307 1065 certum
1323 998 1506 1064 terminum.

458 1217 495 1315 f.
535 1235 537 1239 ¹
612 1273 656 1319 sn.
688 1191 825 1360 Quod
849 1267 915 1312 non
938 1245 1029 1312 detur
1054 1243 1210 1312 deffensio
1233 1245 1327 1312 alicui
1349 1261 1421 1312 ante
1445 1265 1539 1332 quam
1563 1242 1731 1331 probatum
1754 1245 1804 1309 sit.

689 1437 828 1620 Quod
844 1492 1003 1559 accusatio
1027 1512 1092 1559 non
1116 1492 1308 1578 exprimatur
1331 1492 1365 1557 in
1388 1489 1505 1557 libello.

458 1704 495 1803 f.
565 1761 656 1808 xxm.
691 1686 766 1807 De
791 1758 857 1802 non
879 1736 1036 1824 portando
1059 1735 1222 1803 cultellum
1246 1753 1277 1803 et
1300 1734 1487 1802 habentibus
1510 1737 1704 1804 inimicitias.

458 1949 496 2047 f.
569 2006 655 2052 xxvn
691 1932 767 2056 De
792 1984 866 2072 igne
888 2005 955 2050 non
978 1982 1127 2073 ponendo
1151 1984 1185 2050 in
1206 1982 1401 2052 nemoribus.

458 2196 496 2294 f.
535 2251 655 2299 xxvnn.
690 2176 829 2345 Quod
852 2230 920 2297 dies
943 2248 975 2296 et
997 2230 1076 2299 hora
1099 2249 1129 2298 et
1152 2249 1294 2299 contrata
1317 2232 1349 2298 in
1373 2252 1483 2297 accusa
1506 2232 1737 2299 contineantur.

459 2441 497 2539 f·
582 2497 657 2545 xtn.
691 2423 829 2592 Quod
852 2498 919 2543 non
942 2475 1117 2544 habitantes
1141 2477 1175 2543 in
1198 2477 1328 2544 baennis
1350 2498 1416 2543 non
1440 2477 1562 2565 possint
1585 2476 1687 2544 facere
1710 2499 1866 2545 accusam.

459 2685 497 2784 f.
615 2743 656 2789 nr.
694 2672 770 2835 De
795 2722 974 2811 petentibus
997 2746 1144 2791 accusam
1168 2741 1199 2790 et
1222 2746 1406 2813 processum
1430 2747 1447 2790 a
1470 2725 1597 2791 notario
1613 2721 1673 2790 sibi
1689 2722 1756 2790 dari
1777 2746 1834 2812 per
1849 2723 2040 2814 exemplum.

459 2931 496 3029 f.
605 2986 656 3033 nv.
693 2915 769 3076 De
794 2972 938 3061 personis
961 2972 1114 3037 accusatis
1138 2988 1168 3037 et
1192 2968 1421 3037 deffensionem
1450 2972 1567 3037 iustam
1591 2970 1731 3037 fecerint.
1780 3030 1784 3039 .

459 3173 496 3271 f.
566 3230 654 3276 nxm.
693 3148 831 3316 Quod
854 3186 1022 3289 processus
1047 3197 1145 3266 factus
1168 3216 1279 3266 contra
1302 3197 1435 3287 capitula
1458 3200 1499 3266 sit
1522 3197 1638 3266 nullius
1661 3198 1788 3265 ualoris.

459 3418 497 3519 f.
581 3475 655 3522 nxv.
693 3394 832 3563 Quod
856 3468 978 3515 nomen
1001 3464 1032 3513 et
1054 3466 1231 3535 prenomen
1253 3443 1501 3514 custodientium
1525 3443 1640 3512 bestias
1660 3447 1857 3533 exprimatur
1870 3447 1903 3514 in
1921 3468 2041 3514 accusa.

459 3663 497 3761 f.
547 3709 656 3767 txvru.
694 3640 834 3809 Quod
858 3695 1057 3761 contineatur
1080 3715 1201 3760 nomen
1224 3711 1254 3760 et
1278 3714 1456 3782 prenomen
1478 3693 1513 3759 in
1535 3691 1674 3781 qualibet
1696 3715 1817 3760 accusa.

458 3908 496 4006 f.
535 3965 655 4011 Lxxvu.
693 3887 829 4058 Quod
854 3939 991 4030 quelibet
1015 3947 1149 4028 persona
1171 3941 1273 4027 possit
1296 3938 1486 4006 denunciare
1508 3936 1548 4005 de
1573 3937 1712 4027 dampno
1734 3936 1794 4005 sibi
1817 3938 1902 4006 dato.

459 4135 496 4233 f·
591 4193 656 4238 XCI·
693 4111 791 4280 (De
815 4209 927 4254 accusa
949 4186 1019 4253 data
1042 4207 1098 4273 per
1127 4111 1339 4279 exemplum).

852 4495 927 4600 hic
965 4496 1233 4603 continetur
1269 4496 1329 4601 de
1366 4497 1550 4635 magnis
1588 4493 1846 4601 maleficiis.

454 4850 493 4949 f·
557 4906 656 4953 xxxn.
696 4851 775 5003 De
798 4901 904 4969 uerbis
920 4904 1090 4970 iniuriosis.

695 5098 771 5247 De
795 5147 913 5217 insultu
938 5165 969 5214 et
991 5147 1098 5237 gladio
1120 5170 1186 5217 non
1210 5148 1390 5216 extraendo.

637 5471 639 5474 ,
695 5344 770 5492 De
793 5394 1050 5485 percussionibus
1073 5411 1105 5461 et
1127 5392 1248 5461 fetutis.
