4800 6698
394 568 477 627 rent
504 549 702 628 occasione
730 578 801 653 qua
828 577 906 629 non
936 549 1123 630 soluerent
1152 551 1332 655 predictas
1359 548 1468 631 talias
1496 571 1531 632 et
1559 552 1708 633 fodrum
1749 553 1837 633 alibi
1875 583 1987 659 quam

394 708 433 786 in
461 706 626 787 baennis.
657 726 692 786 et
721 706 829 786 dictis
857 709 961 812 penis
990 707 1122 787 solutis
1149 709 1416 790 nichilominus
1443 739 1602 815 persone
1621 713 1784 816 predicte
1813 714 1859 793 de
1879 714 1988 794 dictis

392 866 693 969 possessionibus
720 866 826 945 talias
854 886 890 946 et
923 865 1027 947 fodra
1057 869 1094 945 in
1124 869 1276 947 baennis
1304 868 1450 949 soluere
1479 889 1685 950 teneantur.

393 1198 506 1369 DE
531 1279 755 1369 PORCHIS
780 1278 990 1368 GROSSIS
1015 1278 1356 1375 MANENTIBUS
1383 1279 1539 1367 CIRCA
1563 1257 1865 1366 PLATHEAM.

456 1497 629 1704 Quen
658 1619 836 1698 statutum
857 1601 1032 1705 estquod
1067 1603 1097 1680 si
1125 1600 1286 1706 porchus
1315 1627 1470 1703 grossus
1498 1627 1565 1703 pro
1593 1599 1802 1680 amazando
1830 1599 1985 1678 alicuius

390 1783 548 1860 persone
580 1784 735 1850 manens
763 1759 857 1837 circa
884 1758 1069 1863 platheam
1099 1758 1276 1838 sciliceta
1296 1759 1415 1838 domo
1439 1757 1563 1838 Rufini
1584 1757 1730 1837 saltoris
1757 1756 1848 1836 infra
1867 1784 1983 1861 usque

391 1913 437 1992 ad
466 1914 623 1993 domum
653 1914 734 1994 lacii
763 1916 918 1995 barberii
947 1936 983 1996 et
1011 1916 1191 1997 heredum
1221 1916 1412 2021 quondam
1447 1916 1585 1995 mathei
1612 1916 1792 1995 cuniberti
1812 1934 1847 1994 et
1867 1941 1983 2020 usque

391 2071 437 2151 ad
468 2072 628 2152 domum
656 2072 924 2177 pegolotorum
950 2093 986 2154 et
1005 2077 1049 2153 ab
1070 2075 1155 2153 inde
1176 2102 1291 2179 usque
1311 2075 1357 2153 ad
1377 2074 1535 2154 domum
1564 2101 1777 2177 cognorum
1797 2091 1837 2152 et·
1848 2073 1981 2153 andree

391 2229 436 2308 de
466 2231 574 2308 bursa
601 2233 646 2310 ab
675 2249 826 2335 utraque
854 2250 955 2336 parte
984 2233 1043 2322 uie
1073 2233 1246 2311 inuentus
1272 2230 1379 2311 fuerit
1408 2232 1447 2310 in
1465 2231 1612 2337 plathea
1635 2230 1861 2310 baennarum
1881 2259 1901 2309 a
1925 2229 1983 2308 lra-
2115 2341 2117 2346 Ι

389 2387 510 2467 lendis
534 2388 651 2468 'madii
679 2416 795 2492 usque
824 2389 869 2468 ad
899 2389 1034 2470 lestum
1063 2391 1179 2470 sancti
1208 2391 1368 2469 martini.
1398 2391 1575 2470 dominus
1603 2389 1663 2469 uel
1683 2388 1837 2468 domina
1866 2390 1987 2492 ipsius¹

387 2547 491 2651 porci
522 2546 644 2626 soluat
671 2574 740 2652 pro
768 2575 862 2651 pena
881 2575 949 2652 pro
968 2548 1136 2652 quolibet
1155 2567 1191 2627 et
1210 2547 1372 2651 qualibet
1391 2549 1472 2626 uice
1492 2548 1665 2628 denarios
1689 2575 1752 2627 xnr
1776 2548 1843 2655 (6)
1872 2546 1981 2626 curie.

388 2725 424 2784 et
452 2705 615 2809 quelibet
642 2733 801 2810 persona
828 2709 948 2810 possit
977 2706 1063 2785 inde
1092 2734 1272 2787 accusare.
1304 2726 1341 2786 et
1369 2708 1402 2786 ei
1432 2707 1641 2786 iuramento
1669 2706 1848 2787 credatur.

390 3037 504 3206 DE
529 3116 1015 3204 MACELLATORIBUS.
1064 3194 1067 3199 .

423 3332 628 3539 ·fflren
665 3463 843 3523 statutum
877 3462 932 3522 est
969 3443 1070 3547 quod
1113 3441 1329 3522 macellator
1358 3469 1435 3521 non
1464 3442 1597 3522 debeat
1624 3441 1753 3521 lucrari
1782 3444 1820 3521 in
1855 3442 1983 3522 bestiis

390 3631 481 3709 quas
509 3602 718 3682 uendiderit
746 3603 816 3681 nisi
845 3600 1038 3680 denarium
1065 3628 1133 3705 pro
1162 3600 1297 3680 solido.
1319 3619 1355 3679 et
1374 3600 1446 3680 hoc
1476 3619 1642 3680 teneatur
1669 3600 1901 3680 macellarius
1919 3603 1983 3680 ob·

391 3788 549 3840 seruare.
579 3761 625 3839 Et
653 3759 822 3839 similiter
840 3778 1008 3839 teneatur
1036 3759 1247 3837 iuramento
1267 3759 1303 3837 in
1323 3760 1477 3837 ueritate
1497 3757 1617 3838 dicere
1637 3758 1683 3837 ad
1702 3758 1784 3863 plus
1803 3777 1982 3863 quantum
2070 3787 2072 3792 ·

390 3920 600 3999 constiterit
628 3919 744 3998 bestia
772 3917 832 3998 uel
861 3917 977 3997 bestie
1006 3916 1156 3996 cuilibet
1183 3915 1326 3995 uolenti
1356 3938 1478 3996 emere
1498 3916 1738 3996 medietatem
1758 3916 1818 3996 uel
1836 3918 1983 3996 tertiam

390 4098 533 4182 partem
563 4077 623 4157 uel
651 4095 818 4181 quartam
848 4095 884 4154 et
912 4075 1032 4154 dicere
1062 4077 1091 4154 si
1120 4101 1248 4154 carnes
1274 4092 1362 4166 sunt
1389 4075 1492 4179 porci
1511 4074 1571 4154 uel
1591 4093 1711 4178 troge.
1733 4076 1904 4154 castrotis
1922 4074 1983 4155 uel

390 4263 480 4316 non.
511 4255 547 4315 et
576 4237 638 4340 qui
667 4254 794 4314 contra
823 4234 948 4313 lecerit
976 4233 1096 4312 soluat
1124 4261 1192 4337 pro
1219 4261 1313 4338 pena
1341 4260 1409 4337 pro
1438 4233 1604 4338 quolibet
1633 4252 1670 4313 et
1702 4233 1863 4339 qualibet
1901 4235 1982 4313 uice

391 4392 536 4473 solidos
562 4422 587 4470 v
616 4393 714 4471 curie
743 4411 779 4471 et
807 4411 997 4471 accusator
1039 4393 1172 4471 habeat
1212 4393 1359 4471 tertiam
1400 4411 1543 4497 partem
1587 4393 1719 4471 banni..
1744 4392 1790 4471 Et
1817 4410 1984 4496 potestas

390 4553 510 4656 possit
538 4549 762 4654 compellere
790 4549 993 4654 quemlibet
1022 4551 1230 4628 beccarium
1249 4549 1366 4630 facere
1396 4577 1533 4630 carnes.
1569 4568 1605 4629 et
1637 4548 1769 4653 aliquis
1796 4549 1984 4629 beccarius

391 4737 469 4789 non
498 4709 629 4788 debeat
658 4708 818 4788 uendere
847 4735 973 4788 carnes
1000 4707 1265 4825 grignolossas
1288 4709 1356 4816 (7)
1385 4708 1451 4789 sub
1479 4709 1606 4813 aliquo
1633 4727 1746 4787 tecto,
1781 4709 1827 4787 Et
1859 4707 1983 4787 nullus
2018 4815 2019 4820 Ν

393 4867 607 4949 macellator
634 4868 754 4972 possit
781 4866 841 4946 uel
870 4867 1002 4946 debeat
1043 4867 1159 4947 lacere
1201 4867 1361 4973 aliquam
1392 4849 1611 4948 societatem
1639 4895 1724 4946 cum
1753 4867 1878 4971 aliquo
1907 4865 1981 4946 alio

392 5027 628 5108 macellatore
658 5028 728 5106 nisi
757 5055 806 5106 xv
835 5025 965 5105 diebus
994 5046 1080 5106 ante
1122 5027 1256 5107 lestum
1299 5027 1431 5107 natalis
1470 5027 1615 5106 domini
1645 5045 1681 5104 et
1709 5025 1902 5130 paschatis.
1947 5045 1983 5104 et

391 5216 440 5266 xv
469 5187 599 5267 diebus
617 5207 702 5292 post
722 5187 800 5290 ipsa
819 5184 921 5265 festa.
943 5206 978 5266 et
994 5187 1056 5290 qui
1071 5186 1326 5266 contrafecerit
1354 5186 1475 5266 soluat
1502 5213 1569 5291 pro
1598 5212 1692 5289 pena
1721 5183 1882 5289 qualibet
1901 5185 1982 5262 uice

392 5344 536 5426 solidos
563 5374 601 5426 x.
623 5347 668 5424 Et
696 5345 796 5451 quod
825 5343 946 5448 alique
966 5373 1094 5424 carnes
1122 5344 1292 5424 morbide
1320 5372 1399 5424 non
1427 5346 1585 5424 debeant
1604 5343 1716 5426 uendi
1737 5341 1827 5422 infra
1854 5341 1983 5421 uillam

391 5506 617 5584 baennarum
636 5522 674 5582 et
701 5523 857 5607 pontem
886 5522 990 5607 porte
1020 5504 1218 5607 superioris
1237 5507 1304 5582 sub
1324 5531 1418 5607 pena
1438 5502 1646 5583 solidorum
1664 5531 1699 5582 v.
1721 5503 1767 5582 Et
1787 5501 1887 5606 quod
1908 5503 1985 5606 qui·
