4800 6698
263 659 286 737 8
429 580 630 786 QJOD
659 660 923 742 POTESTAS
964 659 1082 739 NON
1123 658 1300 738 POSSIT
1340 627 1738 739 CONSTRINGERE
1779 655 2015 756 ALIQUEM

587 819 772 908 [URARE
801 819 900 900 NISI
926 816 999 897 UT
1026 815 1191 899 INFRA.

496 1038 679 1242 fficiam
694 1147 871 1207 statutum
886 1148 941 1208 est
960 1127 1060 1232 quod
1074 1146 1239 1232 potestas
1257 1155 1335 1208 non
1354 1129 1471 1232 possit
1489 1156 1557 1208 nec
1576 1128 1708 1209 debeat
1726 1131 1842 1211 lacere
1857 1130 2018 1236 aliquem

436 1287 550 1365 iurare
579 1313 645 1390 pro
673 1285 792 1389 aliqua
820 1312 927 1365 causa
955 1312 1023 1364 nec
1051 1286 1232 1389 precipere
1262 1287 1295 1364 ei
1323 1312 1385 1389 per
1414 1306 1683 1367 sacramentum
1711 1289 1780 1367 nisi
1804 1315 1912 1368 causa
1929 1290 2019 1368 rixe.

436 1461 473 1522 et
490 1444 560 1522 nisi
579 1443 671 1522 facte
691 1420 814 1523 essent
831 1441 946 1522 ferute
965 1441 1024 1520 uel
1044 1469 1151 1522 causa
1164 1443 1306 1522 robarie
1326 1461 1518 1522 stratarum
1538 1463 1573 1524 et
1592 1443 1773 1524 furtorum
1793 1465 1830 1525 et
1848 1447 2019 1526 omnium

435 1600 591 1681 aliorum
620 1599 887 1680 maleficiorum
916 1619 951 1678 et
979 1598 1237 1704 dampnorum.
1268 1619 1304 1679 et
1331 1601 1400 1679 nisi
1425 1627 1532 1680 causa
1554 1628 1677 1680 rerum
1704 1605 1932 1706 propriarum
1956 1602 2020 1683 do

436 1758 527 1837 mini
556 1758 717 1861 episcopi
745 1757 812 1862 (2)
838 1755 899 1835 uel
926 1757 996 1835 nisi
1025 1757 1062 1834 in
1091 1757 1208 1836 causis
1236 1755 1404 1837 ciuilibus
1432 1759 1469 1835 in
1498 1757 1629 1860 quibus
1657 1757 1820 1837 cassibus
1837 1759 1956 1863 possit
1984 1777 2021 1838 et

436 1913 565 1994 debeat
594 1915 845 2017 constringere
873 1932 986 1992 testes
1014 1912 1202 2016 perhibere
1230 1915 1488 1995 testimonium
1515 1890 1658 1995 ueritati
1679 1934 1715 1995 et
1734 1914 1835 2019 quod
1854 1934 2018 2020 potestas

434 2099 512 2151 non
543 2072 660 2176 possit
695 2099 761 2150 nec
801 2070 932 2150 debeat
974 2098 1109 2174 cogere
1145 2071 1306 2175 aliquem
1348 2074 1462 2152 iurare
1505 2099 1569 2153 sua
1602 2092 1771 2178 precepta
1809 2075 1839 2152 si
1871 2072 1918 2152 de
1950 2075 2021 2155 hiis

436 2227 482 2308 de
508 2227 639 2332 quibus
667 2230 787 2333 ipsum
815 2227 1009 2332 appellaret
1039 2227 1279 2309 satisdederit.
1308 2249 1344 2308 et
1372 2228 1444 2308 hoc
1472 2257 1549 2308 non
1578 2232 1696 2333 possit
1722 2231 1906 2310 remoueri
1936 2258 2021 2311 con·

436 2385 540 2465 scilio
568 2385 627 2465 uel
656 2384 730 2465 alio
759 2384 876 2465 modo
905 2385 974 2464 nisi
1003 2404 1126 2465 essent
1153 2384 1320 2465 officiarii
1344 2388 1514 2466 comunis
1538 2386 1670 2490 quibus
1695 2388 1814 2491 possit
1836 2375 2020 2492 precipere

434 2560 475 2620 ut
508 2561 699 2622 exerceant
731 2541 897 2646 legaliter
930 2568 1037 2622 suum
1065 2542 1233 2622 officium
1265 2544 1331 2622 sub
1360 2571 1452 2647 pena
1479 2570 1594 2648 usque
1623 2545 1660 2623 in
1690 2543 1833 2624 solidos
1864 2563 1949 2624 tres.
1985 2564 2021 2624 et

372 2676 379 2687 ’
435 2726 514 2779 non
532 2699 636 2778 ultra.
657 2700 702 2779 Et
722 2699 857 2779 eodem
876 2698 994 2779 modo
1014 2700 1129 2803 possit
1148 2719 1312 2805 potestas
1340 2701 1592 2804 constringere
1613 2703 1728 2782 iurare
1757 2730 1824 2807 pro
1851 2702 2022 2807 dampnis

436 2855 541 2936 datis.

439 3239 639 3441 QJOD
668 3314 933 3398 POTESTAS
961 3313 1240 3396 TENEATUR
1268 3290 1419 3392 SOLUI
1447 3311 1642 3392 FACERE
1670 3310 1879 3415 FODRA(
1906 3309 1925 3416 )
1955 3309 2022 3388 ET

597 3473 792 3556 FACERE
818 3472 970 3554 REDDI
989 3470 1301 3595 RATIONEn
1953 3454 1956 3462 ¹

512 3706 680 3883 [lllfrm
698 3796 864 3857 teneatur
892 3796 1055 3881 potestas
1073 3777 1223 3857 reddere
1242 3779 1425 3858 rationem
1449 3779 1623 3883 equaliter
1642 3780 1740 3860 bona
1759 3780 1831 3860 fide
1851 3800 1888 3859 et
1907 3779 2023 3861 facere

441 3932 535 4013 solui
564 3932 667 4014 fodra
696 3935 837 4014 ommia
865 3952 902 4014 et
928 3933 1032 4014 talias
1051 3962 1121 4038 que
1140 3962 1203 4039 per
1223 3962 1383 4015 comune
1409 3934 1632 4015 baennarum
1659 3956 1743 4017 toto
1771 3955 1939 4042 tempore
1968 3939 2023 4017 sui

440 4091 632 4194 regiminis
664 4091 795 4171 luerint
829 4092 1013 4196 imposita.
1043 4111 1079 4172 et
1111 4119 1181 4197 que
1209 4055 1449 4173 remanserint
1482 4092 1528 4172 ad
1557 4092 1780 4174 soluendum
1814 4093 1859 4174 ad
1894 4093 2024 4174 uolun-

440 4266 555 4328 tatem
583 4247 748 4327 conscilii
775 4248 836 4327 uel
864 4249 1014 4328 maioris
1039 4250 1160 4354 partis.
1188 4269 1225 4329 et
1250 4249 1365 4329 lacere
1391 4248 1468 4328 fieri
1495 4276 1628 4329 omnes
1655 4252 1816 4331 rationes
1853 4252 2025 4332 comunis

442 4424 479 4484 et
505 4403 674 4484 taliarum
703 4405 959 4509 impositarum
987 4425 1154 4511 tempore
1183 4408 1238 4485 sui
1266 4407 1469 4510 regiminis.
1490 4427 1526 4486 et
1553 4426 1649 4487 ante.
1680 4409 1710 4488 si
1739 4407 1824 4488 inde
1843 4408 1949 4489 fuerit
1972 4436 2025 4487 re-

442 4563 612 4666 quisitus:

268 5032 313 5088 ιο
447 4921 557 5084 DE
584 4991 766 5079 EUNDO
794 4996 864 5075 AD
893 4993 1206 5075 CRIAFORAM.
1247 4985 1313 5090 (4)

517 5248 547 5301 tt,
563 5277 569 5299 r
585 5258 600 5297 a

518 5264 688 5433 lllllqutu
707 5343 884 5405 statutum
913 5343 968 5405 est
995 5325 1095 5430 quod
1115 5323 1266 5429 quilibet
1284 5326 1403 5406 homo
1430 5326 1561 5407 debeat
1589 5354 1741 5431 pergere
1769 5328 1814 5406 ad
1834 5327 2026 5408 crialoram

516 5391 531 5424 t·

447 5483 517 5563 nisi
544 5482 709 5565 habuerit
737 5484 874 5562 iustum
904 5482 1210 5589 impedimentum
1237 5483 1297 5563 uel
1325 5485 1395 5564 nisi
1423 5504 1520 5565 esset
1547 5483 1684 5564 electus
1703 5504 1797 5565 stare
1825 5483 1870 5564 ad
1900 5484 2026 5564 uillam
