4800 6696
226 615 227 620 ‘
367 689 439 767 342
560 574 1572 760 Β11111111111111111111111111111
1599 651 2154 757 1111111111111111)

636 911 712 940 ,

629 952 663 1068 ἵζ’
721 994 800 1046 reu
824 987 1001 1046 statutum
1028 986 1082 1046 est
1102 967 1202 1069 quod
1222 965 1384 1069 quelibet
1407 993 1564 1069 persona
1592 966 1731 1046 habens
1758 985 1892 1047 terram
1921 966 1981 1045 uel
2008 985 2153 1080 pratum

562 1156 626 1208 seu
654 1126 814 1231 aliquam
843 1124 951 1205 aliam
980 1126 1259 1229 possessionem
1288 1143 1430 1203 111111
1459 1122 1617 1204 fornacis
1658 1152 1773 1229 usque
1811 1125 1856 1207 ad
1885 1127 1984 1205 uiam
2013 1153 2154 1238 111111-

563 1287 671 1365 cham
700 1312 806 1365 secus
834 1285 911 1364 siue
941 1283 1163 1386 soslongum
1206 1285 1306 1362 uiam
1350 1282 1462 1361 bealis
1502 1281 1596 1361 ultra
1632 1281 1735 1361 beale
1763 1301 1930 1365 teneatur
1959 1303 1995 1363 et
2023 1284 2154 1364 debeat

563 1444 680 1524 lacere
708 1470 825 1522 unum
855 1442 1035 1521 fossatum
1063 1440 1288 1544 profundum
1317 1440 1433 1520 tribus
1460 1440 1615 1545 pedibus
1643 1459 1679 1519 et
1707 1439 1852 1545 largum
1882 1459 1964 1521 11110r
1999 1443 2155 1546 pedibus

562 1621 708 1680 tantum
736 1619 914 1704 quantum
944 1599 1190 1677 extenduntur
1217 1618 1254 1677 11
1281 1617 1409 1677 111111
1437 1625 1513 1678 sua.
1543 1599 1620 1677 siue
1647 1599 1916 1702 possessiones.
1948 1600 2024 1678 siue
2053 1621 2153 1704 prata

561 1787 668 1864 super
696 1759 860 1837 comuni.
891 1776 926 1836 11
956 1784 1062 1860 super
1091 1756 1174 1835 solo
1203 1757 1386 1835 comunis.
1431 1756 1531 1861 quod
1574 1755 1755 1837 fossatum
1789 1758 1835 1835 sit
1863 1759 2086 1860 contiguum
2115 1779 2152 1837 et

563 1918 736 1996 choereat
764 1916 882 1994 dictae
911 1934 1026 1993 111111
1055 1915 1132 1992 siue
1161 1914 1459 2017 possessionibus
1478 1915 1553 1992 suis
1572 1941 1687 2017 usque
1714 1914 1760 1997 ad
1779 1917 1993 2018 proximum
2018 1917 2153 1994 festum
2225 1991 2228 1997 .

561 2075 677 2155 sancti
706 2073 853 2152 martini
882 2071 948 2151 sub
976 2099 1070 2175 pena
1099 2071 1306 2151 solidorum
1334 2098 1383 2151 111.
1427 2098 1497 2176 qua
1539 2099 1632 2176 pena
1660 2072 1780 2155 soluta
1808 2090 1975 2151 teneatur
2003 2071 2153 2152 nichilo·

561 2231 686 2309 minus
715 2228 830 2309 facere
860 2230 1000 2308 dictum
1030 2228 1209 2308 fossatum
1239 2249 1279 2307 ut
1307 2229 1448 2308 dictum
1478 2247 1543 2308 est.
1565 2231 1614 2308 ita
1634 2229 1785 2337 quidem
1814 2230 1915 2333 quod
1944 2231 2039 2309 dicta
2060 2250 2153 2310 terra

563 2387 650 2467 dicti
680 2388 807 2467 fossati
837 2407 915 2466 tota
945 2386 1077 2468 debeat
1105 2388 1195 2491 poni
1225 2407 1262 2465 et
1288 2389 1404 2492 proici
1425 2389 1461 2466 in
1482 2389 1581 2466 uiam
1601 2386 1784 2493 publicam
1815 2390 1881 2466 sub
1911 2389 2041 2467 eadem
2061 2416 2154 2492 pena

561 2573 629 2650 pro
658 2528 819 2650 qualibet
848 2573 1005 2650 persona
1034 2544 1330 2625 contrafaciente.
1375 2547 1421 2625 Et
1450 2545 1550 2650 quod
1587 2545 1771 2649 eligantur
1799 2574 1849 2625 111
1878 2547 2052 2625 homines
2093 2546 2152 2650 qui

561 2706 779 2784 aterminare
808 2724 1000 2783 teneantur
1029 2731 1189 2783 comune
1208 2731 1228 2782 a
1249 2723 1416 2783 seuerato
1436 2706 1473 2783 in
1489 2704 1597 2784 dictis
1616 2703 1708 2784 locis
1728 2706 1764 2783 in
1785 2707 1917 2809 quibus
1945 2702 2153 2784 laciendum

562 2883 617 2942 est
637 2863 778 2941 dictum
798 2861 979 2941 fossatum
1012 2863 1058 2940 Et
1077 2862 1178 2966 quod
1199 2863 1334 2942 eodem
1361 2863 1479 2942 modo
1503 2863 1681 2942 habentes
1704 2881 1818 2942 terras
1842 2876 1877 2942 et
1897 2866 2153 2967 possessiones

562 3049 582 3100 a
611 3018 757 3100 fornace
792 3021 957 3124 superius
985 3048 1048 3123 per
1076 3021 1175 3099 uiam
1210 3021 1403 3099 maiorem.
1433 3023 1478 3101 ab
1505 3040 1657 3125 utraque
1689 3041 1790 3125 parte
1823 3022 1920 3101 dicte
1949 3025 2008 3101 uie
2036 3051 2152 3129 usque

562 3177 608 3256 ad
637 3196 781 3282 pratum
810 3177 939 3277 Jacobi
968 3179 1063 3280 nigri
1085 3177 1185 3280 quod
1206 3178 1325 3257 estad
1345 3198 1535 3282 gurretum
1555 3180 1807 3258 iuxtaterram
1835 3182 2016 3279 lobannis
2037 3183 2151 3261 bruzii
2182 3216 2184 3221 ¹

562 3355 753 3414 teneantur
774 3355 810 3415 et
829 3334 987 3414 debeant
1007 3334 1123 3414 facere
1143 3335 1323 3416 fossatum
1342 3364 1458 3416 unum
1478 3336 1624 3439 largum
1653 3358 1689 3415 et
1707 3335 1931 3441 profundum
1952 3359 1991 3417 ut
2010 3340 2152 3419 dictum

562 3513 630 3574 est.
661 3521 768 3597 super
797 3495 948 3572 comuni
978 3514 1154 3597 quantum
1185 3512 1286 3577 11111
1316 3515 1352 3574 11
1380 3496 1591 3574 extenditur
1620 3524 1683 3575 sua
1702 3498 1891 3600 possessio
1912 3498 1989 3597 siue
2008 3525 2153 3601 posses·

561 3653 698 3732 siones.
728 3653 829 3757 quod
858 3650 1039 3730 fossatum
1069 3653 1115 3732 sit
1143 3654 1364 3755 contiguum
1407 3653 1515 3732 dictis
1550 3654 1849 3758 possessionibus
1875 3674 1916 3734 ut
1944 3657 2151 3760 predictum

561 3831 628 3890 est.
658 3833 774 3914 usque
803 3811 848 3889 ad
878 3811 1083 3913 predictum
1112 3813 1312 3891 terminum
1342 3814 1457 3891 sancti
1500 3814 1647 3892 martini
1689 3814 1756 3892 sub
1803 3814 1934 3893 eadem
1970 3843 2075 3919 pena.
2105 3818 2152 3894 Et

559 3971 724 4076 proicere
751 3988 887 4048 terram
915 3969 1005 4047 dicti
1033 3968 1159 4049 fossati
1204 3971 1249 4049 in
1282 3971 1383 4050 uiam
1424 3970 1609 4075 publicam
1638 3990 1757 4050 totam
1787 3972 1853 4050 sub
1883 3974 2013 4052 eadem
2042 4002 2147 4078 pena.

560 4131 606 4209 Et
635 4128 736 4230 quod
764 4128 918 4231 predicti
946 4155 995 4206 vu
1024 4130 1307 4208 aterminatores
1335 4128 1503 4208 similiter
1532 4148 1724 4208 teneantur
1752 4133 1970 4210 aterminare
1990 4159 2151 4212 comune

559 4305 777 4367 aseuerato
816 4288 854 4365 in
891 4285 985 4366 locis
1016 4287 1200 4390 predictis.
1239 4289 1285 4366 Et
1322 4307 1415 4392 pena
1452 4286 1573 4366 soluta
1610 4287 1875 4367 nichilominus
1903 4290 2035 4369 debeat
2071 4290 2148 4369 fieri

560 4443 701 4522 dictum
730 4441 911 4522 fossatum
940 4472 961 4522 1
989 4444 1097 4523 dictis
1124 4445 1302 4547 personis.
1332 4445 1378 4522 Et
1406 4413 1586 4523 fossatum
1627 4445 1833 4549 predictum
1871 4446 2008 4527 scilicet
2036 4475 2150 4553 prope

559 4600 663 4680 beale
691 4619 728 4680 et
756 4628 863 4705 super
891 4603 990 4680 uiam
1020 4601 1133 4681 bealis
1161 4603 1349 4705 usquead
1377 4603 1477 4682 uiam
1505 4604 1742 4683 marencham
1761 4606 1892 4683 debeat
1920 4610 2150 4687 manuteneri

560 4788 580 4857 1
609 4759 771 4864 qualibet
798 4785 956 4863 persona
985 4760 1084 4838 iuxta
1113 4787 1218 4839 suam
1246 4761 1536 4864 possessionem.
1581 4762 1630 4839 ita
1672 4738 1778 4865 quod*
1806 4789 1898 4866 aqua
1926 4790 2003 4842 non
2032 4768 2151 4869 possit

559 4917 606 4997 de
636 4919 717 5022 ipso
746 4915 887 4997 fossato
916 4917 1016 4996 exire
1045 4944 1172 4997 uersus
1208 4918 1308 4997 viam
1349 4918 1533 5022 publicam
1563 4923 1630 4999 sub
1658 4947 1753 5022 pena
1781 4919 1988 5000 solidorum
2018 4949 2052 5002 111
2081 4951 2149 5028 pro

559 5073 720 5179 qualibet
747 5102 905 5179 persona
933 5094 970 5154 et
998 5076 1159 5180 qualibet
1187 5078 1279 5155 uice.
1309 5078 1359 5155 ita
1387 5077 1488 5180 quod
1516 5077 1613 5156 dicta
1642 5076 1777 5157 fossata
1807 5105 1951 5184 semper
1979 5101 2150 5161 manute-

560 5251 714 5312 neantur
741 5231 921 5338 profunda
950 5253 987 5313 et
1016 5232 1116 5337 larga
1144 5235 1190 5315 de
1219 5234 1334 5315 tribus
1363 5252 1399 5314 et
1427 5252 1505 5314 11110r
1533 5235 1689 5340 pedibus
1716 5255 1757 5314 ut
1784 5237 1990 5340 predictum
2017 5258 2084 5319 est.
2104 5241 2151 5319 Et

559 5409 724 5494 potestas
742 5410 908 5470 teneatur
927 5393 1135 5472 recerchare
1155 5392 1252 5472 dicta
1270 5392 1406 5473 fossata
1435 5413 1472 5474 et
1500 5394 1585 5473 inde
1605 5395 1786 5500 inquirere
1814 5395 1977 5499 pluribus
1995 5399 2148 5477 uicibus,
