4800 6698
934 260 1167 365 XXVIII

258 554 305 634 de
333 556 487 634 baennis
524 554 716 634 boscando
753 554 813 634 uel
852 553 1052 633 incidendo
1091 553 1151 633 uel
1179 553 1390 634 carreando.
1429 551 1489 632 uel
1530 551 1766 633 amassand0.
1796 553 1856 632 uel

258 712 425 817 ligando.
455 713 516 792 uel
544 712 648 793 aliter
676 712 917 793 offendendo
938 711 998 792 uel
1024 739 1110 791 cum
1138 711 1320 816 aliquibus
1347 711 1486 791 bestiis.
1515 709 1576 789 uel
1604 710 1767 790 carosiis.
1796 708 1857 788 uel

125 973 130 978 Ι
258 869 363 950 leziis
394 870 579 975 portando
617 870 663 950 de
692 870 750 950 uel
791 871 964 951 exeundo
999 872 1045 950 de
1092 869 1274 975 aliquibus
1311 869 1497 950 dictorum
1531 870 1758 948 boschorum
1796 868 1854 948 uel

258 1028 443 1133 portando
473 1027 594 1109 soluat
621 1056 689 1133 pro
718 1057 812 1133 pena
848 1057 916 1134 pro
957 1029 1120 1133 qualibet
1152 1030 1233 1109 uice
1271 1027 1415 1109 solidos
1450 1055 1500 1108 Lx
1529 1047 1566 1107 et
1593 1028 1753 1107 totidem
1788 1055 1857 1133 pro

260 1187 419 1266 emenda
445 1214 513 1291 pro
542 1185 704 1291 qualibet
737 1214 907 1291 persona.
937 1188 983 1266 Et
1011 1186 1164 1292 quilibet
1198 1188 1319 1267 homo
1347 1188 1446 1269 bone
1475 1187 1572 1267 lame
1600 1189 1719 1292 possit
1753 1214 1857 1267 accu-

230 1371 337 1451 sare
367 1343 683 1423 contrafacientes.
714 1363 751 1423 et
777 1342 910 1423 habeat
942 1345 1090 1425 tertiam
1122 1365 1265 1450 partem
1294 1347 1417 1424 banni.
1447 1364 1483 1424 et
1512 1344 1679 1424 credatur
1708 1346 1741 1424 ei
1770 1373 1856 1425 cum

261 1505 482 1582 iuramento,
513 1501 624 1581 saluis
653 1522 689 1580 et
717 1503 881 1606 exceptis
909 1503 1086 1583 omnibus
1113 1503 1186 1584 illis
1214 1505 1277 1608 qui
1305 1503 1481 1584 ducerent
1513 1504 1573 1583 uel
1600 1522 1790 1609 portarent
1818 1505 1856 1582 in

260 1659 388 1740 uillam
418 1663 642 1740 baennarum
671 1658 792 1764 aliqua
820 1659 921 1765 ligna
950 1661 1056 1740 sicca.
1076 1660 1137 1742 uel
1156 1661 1273 1741 uirida
1292 1680 1396 1766 capta
1424 1663 1462 1741 in
1491 1663 1641 1742 boschis
1668 1690 1746 1742 non
1771 1665 1858 1741 ban·

260 1821 349 1900 nitis
380 1818 597 1899 hominibus
634 1818 680 1897 de
712 1817 876 1897 baennis.
911 1819 957 1897 Et
990 1821 1020 1899 si
1053 1848 1124 1924 qua
1160 1847 1318 1924 persona
1355 1838 1526 1900 extranea
1563 1821 1714 1899 inuenta
1750 1818 1858 1900 fuerit

261 1977 320 2058 uel
348 1979 447 2057 uissa
481 1976 654 2058 ducendo
688 1975 748 2056 uel
776 1976 961 2081 portando
994 1978 1115 2083 aliqua
1143 1976 1245 2081 ligna
1280 2005 1408 2058 uersus
1442 1976 1621 2058 foxanum
1659 1978 1858 2058 caruchum

260 2136 427 2243 plocium
454 2156 651 2240 tanagrum
681 2134 883 2215 narzoleas
910 2135 970 2214 uel
990 2135 1229 2216 claraschum.
1251 2137 1424 2217 eamdem
1442 2164 1579 2241 penam
1607 2139 1765 2216 incurrat
1799 2164 1858 2216 so

259 2297 423 2377 lidorum
450 2326 499 2376 xx
528 2315 565 2375 et
592 2294 753 2376 totidem
781 2324 848 2402 pro
878 2294 1047 2375 emenda.
1077 2314 1114 2374 et
1142 2294 1295 2399 quilib‘et
1328 2296 1448 2374 homo
1481 2295 1579 2374 bone
1612 2295 1709 2374 lame
1737 2296 1857 2399 possit

261 2483 431 2536 accusare
472 2455 811 2535 contrafacientem.
849 2455 896 2533 Et
933 2455 1065 2533 habeat
1101 2454 1249 2532 tertiam
1285 2472 1428 2557 partem
1463 2455 1584 2532 banni.
1615 2472 1652 2531 et
1689 2453 1857 2533 credatur

260 2615 484 2694 accusationi
515 2641 591 2693 sue.
622 2613 732 2694 saluis
761 2632 797 2692 et
825 2612 988 2716 exceptis
1025 2610 1097 2690 illis
1136 2613 1305 2716 personi5
1347 2639 1417 2716 que
1445 2611 1622 2690 ducerent
1650 2610 1710 2690 uel
1737 2630 1857 2716 porta·

260 2791 341 2852 rent
369 2772 471 2877 ligna
499 2799 578 2851 non
606 2735 776 2876 captain
803 2771 878 2851 fine
906 2769 1145 2849 baennarum.
1187 2771 1233 2849 Et
1271 2768 1317 2848 de
1354 2788 1465 2848 nocte
1494 2768 1590 2849 dicte
1618 2796 1712 2873 pene
1741 2768 1858 2874 dupli·

261 2949 400 3011 centur.
430 2930 503 3009 hoc
532 2901 637 3010 saluo
666 2929 767 3034 quod
788 2930 951 3008 extranei
970 2929 1033 3033 qui
1053 2928 1229 3007 ducerent
1248 2925 1350 3031 ligna
1378 2927 1541 3032 predicta
1570 2929 1607 3007 in
1635 2927 1722 3006 uilla
1749 2928 1861 3034 baeu-0

261 3116 392 3169 narum
418 3089 616 3192 puniantur
643 3087 688 3166 ad
719 3086 876 3166 modum
905 3087 1105 3166 hominum
1133 3085 1179 3164 de
1209 3087 1362 3165 baennis
1390 3104 1426 3164 et
1454 3114 1532 3165 non
1561 3085 1666 3165 ultra.

69 3525 138 3603 129
254 3424 457 3634 QJOD
485 3510 642 3593 PORCI
669 3510 788 3593 NON
815 3507 1048 3592 INTRENT
1076 3505 1262 3589 PRATA.

327 3733 356 3788 ²2¹›
372 3740 409 3787 (a

325 3748 400 3914 {illi
420 3855 499 3909 reu
526 3845 705 3907 statutum
734 3847 790 3906 est
818 3827 919 3931 quod
947 3828 1050 3931 porci
1079 3826 1184 3907 nullo
1221 3826 1341 3906 modo
1370 3854 1438 3905 nec
1466 3827 1571 3906 nullo
1599 3847 1768 3932 tempore
1798 3830 1857 3907 in-

259 4006 357 4068 trent
384 4006 497 4093 prata.
528 4004 564 4066 et
592 3987 623 4065 si
652 3985 879 4064 intrauerint.
901 3982 1022 4064 soluat
1042 3985 1219 4064 dominus
1239 4013 1438 4090 porcorum
1457 4013 1525 4090 pro
1545 3986 1712 4090 quolibet
1740 4013 1857 4091 porco

259 4148 431 4227 denarios
458 4173 520 4225 xu.
551 4164 588 4225 et
615 4143 776 4224 totidem
804 4170 872 4247 pro
901 4142 1059 4223 emenda
1090 4161 1126 4223 et
1154 4142 1420 4224 nichilominus
1454 4163 1622 4224 teneatur
1650 4144 1856 4251 dampnum

259 4305 470 4386 emendare.
491 4305 521 4384 si
541 4303 634 4383 ultra
662 4302 859 4381 excesserit
878 4299 932 4380 illi
951 4304 1054 4380 cuius
1082 4300 1286 4406 dampnum
1307 4302 1425 4381 luerit.
1441 4303 1488 4381 Et
1507 4300 1670 4407 quelibet
1697 4329 1857 4406 persona

258 4465 377 4569 possit
404 4463 490 4543 inde
519 4489 688 4542 accusare
717 4479 754 4540 et
782 4461 816 4540 ei
844 4461 1053 4540 iuramento
1090 4460 1267 4540 credatur.
1298 4479 1334 4539 et
1361 4460 1494 4540 habeat
1530 4461 1677 4540 tertiam
1714 4481 1857 4566 partem

260 4622 383 4701 banni.
414 4640 450 4701 et
478 4629 647 4700 teneatur
673 4620 826 4724 priuata.

75 5047 142 5125 130
252 4951 366 5118 DE
383 5032 715 5115 METENTIBUS
733 5033 789 5115 IN
806 5031 1001 5112 ALIENO
1017 5031 1208 5145 PRATO.

318 5251 499 5455 &aaut
528 5379 705 5440 statutum
727 5380 782 5439 est
801 5359 902 5464 quod
926 5358 1047 5464 aliqua
1065 5385 1223 5463 persona
1251 5386 1329 5437 non
1357 5357 1476 5462 possit
1499 5375 1638 5437 metere
1666 5359 1705 5436 in
1732 5356 1856 5437 alieno

260 5537 376 5622 prato.
408 5537 444 5597 et
472 5519 535 5623 qui
563 5518 817 5598 contrafecerit
846 5517 967 5599 soluat
995 5544 1063 5623 pro
1091 5518 1216 5596 banno
1245 5514 1389 5596 solidos
1422 5542 1461 5597 111
1495 5517 1593 5595 curie
1631 5534 1668 5595 et
1694 5516 1855 5596 totidem
