4800 6698
581 550 714 752 fflec
738 667 792 756 (3)
816 686 887 733 sunt
910 667 1043 755 capitula
1068 667 1145 734 facta
1169 687 1312 755 tempore
1336 661 1456 733 nobilis
1472 685 1503 732 et
1519 670 1665 755 sapientis
1689 670 1750 734 viri
1773 667 1896 735 domini
1927 668 2042 736 Bolleri
2066 669 2104 735 de

515 809 641 877 bolleris
676 812 840 897 potestatis
876 809 1068 876 baennarum
1103 809 1203 875 silicet
1233 831 1288 896 per
1312 808 1526 874 Guillermum
1550 807 1729 876 bealetium.
1764 810 1926 877 Seluetum
1963 834 2103 897 vayram.

515 949 728 1019 Guillermum
759 953 897 1038 nigrum.
929 952 1099 1017 Nazerium
1130 949 1277 1016 chocum.
1309 969 1432 1037 petrum
1466 950 1639 1017 Banallum.
1672 951 1837 1017 henricum
1876 951 2104 1019 trossarellum.

515 1089 665 1157 Iacobum
689 1077 897 1178 prepositum.
923 1090 1073 1156 Iacobum
1098 1113 1248 1178 cognum.
1274 1090 1449 1156 Iohannem
1485 1090 1642 1156 ollerium.
1672 1090 1853 1157 Bonardum
1879 1091 2048 1158 Gazerum.
2076 1113 2105 1158 et

496 1213 718 1297 ‘lenunculum
742 1232 797 1320 (4)
821 1233 1012 1298 Manzanum
1036 1232 1257 1319 capitulatores
1281 1231 1318 1296 ad
1335 1231 1396 1298 hoc
1420 1232 1549 1298 ellectos
1567 1256 1620 1320 per
1637 1232 1781 1319 generale
1799 1233 1986 1299 conscilium
2006 1234 2104 1299 Baetr-

514 1395 625 1440 narum
636 1372 784 1460 aprobata
795 1392 825 1437 et
837 1372 1022 1438 confirmata
1036 1396 1091 1460 per
1104 1372 1316 1438 venerabilem
1329 1374 1434 1437 virum
1447 1357 1617 1438 dominum
1630 1371 1843 1439 Gulliermum
1856 1372 2040 1459 Raymundi
2049 1373 2105 1461 (5)

515 1511 646 1580 ecclesie
669 1515 800 1579 astensis
825 1515 977 1579 uicarium
1002 1512 1179 1599 generalem
1201 1537 1236 1578 ac
1258 1536 1312 1600 per
1336 1512 1523 1579 conscilium
1547 1513 1692 1599 generale
1721 1513 1913 1580 baennarum
1931 1536 1967 1580 ac
1991 1513 2104 1580 lectaet

514 1652 669 1743 publicata
681 1676 737 1741 per
749 1677 801 1719 me
814 1652 1026 1719 Guillermum
1040 1652 1250 1720 Cunibertum
1268 1655 1426 1718 notarium
1445 1653 1502 1718 sub
1519 1677 1602 1719 anno
1626 1653 1750 1719 domini
1775 1653 1948 1720 millesimo
1965 1676 2102 1721 cccxttu

514 1793 676 1860 lndicione
700 1791 866 1859 undecima
890 1792 940 1858 die
965 1793 1137 1880 penultima
1153 1792 1340 1859 decembris,

515 2131 629 2305 (DE
648 2225 725 2279 NON
744 2224 957 2279 SEMlNANDO
976 2224 1125 2278 CANABO
1146 2225 1181 2277 lN
1201 2224 1308 2277 ORTIS
1327 2135 1493 2298 PASCUI).

663 2417 673 2469 3

582 2421 756 2619 Quinto
780 2552 954 2599 statuerunt
978 2533 1055 2599 dicti
1079 2532 1300 2620 capitulatores
1324 2532 1409 2620 quod
1434 2531 1536 2619 aliqua
1560 2555 1695 2619 persona
1720 2555 1784 2599 non
1802 2534 1902 2619 possit
1918 2554 1977 2598 nec
1994 2531 2106 2598 debeat

515 2676 671 2741 seminare
688 2697 746 2741 nec
763 2675 914 2740 seminari
931 2672 1032 2739 facere
1053 2672 1180 2760 aliquod
1204 2694 1314 2737 semen
1338 2671 1447 2738 canabi
1471 2674 1503 2739 in
1528 2674 1605 2738 ortis
1629 2675 1736 2760 pascui
1760 2672 1860 2738 silicet
1884 2674 1917 2738 in
1941 2675 2020 2739 ortis
2044 2696 2105 2760 que

514 2835 586 2881 sunt
610 2817 691 2882 inter
714 2818 799 2881 uiam
825 2817 980 2880 maiorem
1005 2834 1036 2880 et
1060 2817 1146 2880 uiam
1170 2816 1272 2879 crucis
1297 2779 1353 2878 sub
1389 2836 1470 2901 pena
1505 2837 1562 2901 pro
1587 2813 1724 2901 qualibet
1755 2836 1889 2901 persona
1913 2832 1945 2879 et
1968 2814 2106 2901 qualibet

515 2958 584 3022 uice
608 2955 786 3023 solidorum
812 2978 851 3022 tx
875 2957 1047 3021 astensium
1073 2977 1130 3020 nec
1154 2956 1186 3020 in
1211 2977 1269 3020 suo
1293 2921 1350 3020 nec
1374 2957 1408 3021 in
1431 2955 1536 3021 alieno
1559 2977 1617 3020 nec
1653 2977 1751 3044 prope
1775 2955 1867 3022 dictis
1891 2957 1970 3021 ortis
1995 2955 2105 3021 alienis
2138 3001 2142 3010 -

514 3119 571 3184 per
594 3095 674 3162 duos
698 3095 855 3163 trabucos.
880 3097 946 3162 Nec
970 3097 1067 3162 etiam
1091 3120 1108 3160 a
1132 3097 1183 3161 uia
1207 3118 1268 3182 que
1291 3094 1377 3161 uadit
1400 3118 1509 3162 uersus
1525 3116 1651 3183 pratum
1669 3096 1793 3163 domini
1809 3119 1902 3184 supra
1918 3118 1984 3163 non
2001 3099 2102 3183 possit

514 3239 671 3304 seminare
695 3260 753 3303 nec
777 3240 929 3304 seminari
952 3236 1053 3303 facere
1077 3259 1187 3302 semen
1210 3235 1285 3302 dicti
1310 3235 1421 3302 canabi
1445 3256 1475 3301 er
1499 3237 1584 3324 quod
1608 3237 1647 3303 de
1671 3236 1820 3325 predictis
1844 3237 1994 3304 dominus
2018 3257 2106 3326 pote-

515 3397 578 3444 stas
602 3381 702 3465 possit
725 3377 798 3444 inde
823 3380 981 3465 inquirere
1017 3377 1054 3442 ad
1092 3400 1180 3442 suam
1216 3377 1416 3443 uoluntatem
1453 3377 1558 3464 aliquo
1582 3377 1720 3465 capitulo
1744 3380 1777 3443 in
1801 3380 1996 3444 contrarium
2022 3378 2105 3445 lacto

516 3542 581 3585 non
606 3519 759 3586 obstante.

516 3863 630 4026 (DE
650 3950 836 4004 ELIGENDIS
856 3861 1242 4021 ATERMINATORIBUS).

582 4146 742 4346 Quen
766 4278 941 4326 statuerunt
964 4258 1096 4347 predicti
1119 4259 1341 4347 capitulatores
1364 4258 1449 4347 quod
1472 4278 1612 4345 potestas
1647 4258 1838 4326 baennarum
1863 4278 2032 4347 postquam
2058 4261 2102 4325 iu-

515 4403 629 4469 rauerit
652 4422 746 4466 suum
771 4398 913 4466 officium
937 4398 994 4466 sub
1017 4399 1146 4466 uinculo
1181 4401 1350 4466 iuramenti
1385 4415 1530 4466 teneatur
1553 4417 1583 4464 et
1607 4397 1718 4465 debeat
1742 4399 1821 4466 infra
1844 4423 1886 4464 xv
1910 4397 1977 4465 dies
2002 4399 2103 4466 lacere

514 4542 600 4631 elligi
624 4546 656 4610 in
680 4541 833 4609 conscilio
856 4564 889 4608 rr
913 4543 1151 4609 aterminatores
1167 4543 1221 4631 qui
1236 4558 1402 4608 teneantur
1425 4558 1456 4606 et
1479 4540 1613 4608 debeant
1637 4543 1682 4606 ire
1707 4562 1764 4628 per
1785 4539 1882 4608 finem
1908 4539 2102 4607 baennarum
2176 4603 2179 4609 .

514 4704 545 4751 et
568 4683 747 4752 discernere
772 4705 908 4750 comune
932 4706 949 4748 a
975 4701 1119 4750 seuerato
1143 4702 1174 4747 er
1197 4681 1282 4771 quod
1307 4699 1444 4749 rectores
1468 4701 1499 4749 et
1523 4680 1636 4749 sindici
1670 4684 1818 4748 comunis
1848 4699 2014 4747 teneantur
2038 4685 2104 4749 uin-

515 4825 587 4893 culo
611 4826 780 4892 iuramenti
804 4823 905 4890 facere
930 4823 1099 4890 obseruare
1134 4843 1314 4910 presentem
1351 4823 1522 4910 capitulum
1555 4841 1586 4887 et
1621 4824 1757 4910 proponi
1781 4825 1813 4888 in
1836 4822 1922 4888 dicto
1950 4823 2103 4889 conscilio

515 4966 707 5034 baennarum
732 4967 821 5032 omni
846 4987 929 5031 anno
953 4964 1033 5031 infra
1057 4963 1176 5030 dictum
1200 4965 1383 5030 terminum.
