4800 6698
288 617 360 718 283
479 540 592 706 DE
619 619 789 704 caena
815 618 883 699 er
910 618 1038 748 ntus
1064 619 1250 702 susms
1277 617 1519 700 mutuus
1545 617 1601 701 tu
1627 615 1825 702 AIJENIS
1852 614 2030 712 umus.

543 838 721 1042 fflmn
749 944 928 1005 statutum
958 944 1013 1005 est
1041 923 1142 1028 quod
1171 923 1332 1028 quelibet
1360 951 1466 1029 capra
1485 952 1556 1030 que
1576 925 1726 1006 inuenta
1754 924 1862 1006 fuerit
1889 928 1927 1006 in
1955 927 2072 1008 aliena

484 1087 593 1167 uinea
621 1086 729 1165 otino
758 1084 817 1164 uel
846 1084 1010 1189 plantato
1054 1082 1173 1162 soluat
1213 1110 1281 1186 pro
1321 1086 1446 1163 banno
1489 1083 1660 1164 denarios
1687 1113 1724 1164 v1
1753 1105 1790 1165 et
1817 1084 1978 1167 totidem
2004 1114 2089 1192 prow

485 1243 643 1324 emenda
671 1270 781 1348 passo
810 1243 1025 1347 dampnum.
1056 1262 1091 1320 et
1120 1242 1165 1321 de
1194 1268 1323 1321 mense
1352 1242 1466 1322 madii
1494 1262 1531 1322 et
1558 1241 1700 1348 aprilis.
1724 1243 1886 1323 solidum
1915 1272 1927 1323 1
1956 1264 1991 1323 et
2019 1264 2075 1324 to-

485 1402 602 1482 tidem
631 1429 698 1506 pro
728 1401 885 1480 emenda
913 1428 981 1505 pro
1009 1399 1170 1504 qualibet
1198 1427 1315 1505 capra.
1345 1420 1382 1480 et
1408 1428 1477 1505 pro
1510 1401 1673 1506 qualibet
1700 1401 1776 1497 alia,
1798 1401 1915 1483 bestia
1943 1429 2073 1506 grossa

488 1561 548 1642 uel
577 1562 722 1643 minuta
749 1586 820 1664 que
849 1561 999 1639 inuenta
1027 1558 1134 1640 fuerit
1161 1559 1207 1639 de
1236 1585 1365 1638 mense
1393 1559 1515 1664 aprilis
1538 1559 1598 1639 uel
1618 1559 1731 1641 madii
1751 1562 1789 1640 in
1807 1560 1938 1641 alienis
1955 1561 2075 1640 uineis

487 1721 623 1800 autinis
651 1718 710 1798 uel
738 1717 910 1823 plantatis
939 1717 1060 1797 soluat
1088 1717 1265 1797 dominus
1291 1717 1491 1797 bestiarum
1509 1717 1664 1823 duplum
1683 1718 1798 1800 huius
1824 1719 1926 1825 quod
1956 1721 1992 1798 in
2021 1746 2098 1835 ca·¹

487 1877 607 1984 pitulo
634 1877 801 1981 predicto
830 1875 927 1956 lacto
957 1895 993 1955 et
1021 1876 1191 1979 dampnis
1232 1876 1453 1955 continetur.
1496 1895 1533 1956 et
1574 1874 1736 1982 quelibet
1772 1903 1930 1984 persona
1956 1879 2075 1983 possit

487 2035 574 2115 inde
603 2061 771 2114 accusare
800 2051 837 2112 et
865 2035 899 2114 ei
927 2035 1134 2113 iuramento
1163 2033 1329 2113 credatur
1357 2053 1394 2113 et
1420 2032 1552 2115 habeat
1593 2037 1740 2115 tertiam
1779 2055 1922 2141 partem
1950 2037 2072 2116 banni.

486 2193 533 2272 Et
561 2193 606 2272 de
636 2211 746 2272 nocte
775 2192 871 2271 dicta
899 2192 1059 2296 dampna
1087 2191 1329 2295 duplicentur.

291 2719 368 2816 284
482 2641 685 2850 QUOD
726 2721 903 2806 OMNIA
934 2721 1107 2805 PRATA
1148 2721 1267 2805 SINT
1306 2719 1543 2805 BANNITA
1582 2719 1619 2803 A
1654 2717 1824 2803 MEDIO
1865 2716 2070 2802 MARCIO

565 2985 593 2988 y·
639 2881 815 3008 QSQUE
839 2879 912 2964 AD
937 2877 1145 2986 MEDIUM
1172 2874 1494 2961 SEPTEMBRIS.
2030 2918 2035 2924 ·

554 3115 634 3285 [ll
650 3214 728 3269 Tun
757 3207 934 3269 statutum
963 3210 1018 3269 est
1046 3190 1147 3296 quod
1176 3192 1304 3270 omnia
1330 3211 1433 3296 prata
1460 3191 1545 3273 finis
1572 3193 1797 3274 baennarum
1826 3194 1900 3274 sint
1918 3193 2076 3274 'bannita

490 3374 511 3425 a
539 3346 667 3426 medio
695 3347 834 3427 marcio
862 3374 977 3452 usque
1005 3347 1051 3426 ad
1081 3346 1247 3427 medium
1275 3375 1446 3429 mensem
1474 3352 1704 3455 septembris.

295 3874 367 3973 285
484 3797 686 4003 Quor>
712 3878 869 3962 roua
896 3876 1016 3960 nou
1041 3874 1376 3960 cocuoarutt
1403 3837 1804 3962 superaturus
1837 3876 2071 3961 ausones

640 4035 743 4119 nuc
769 4035 825 4117 m
851 4032 1048 4117 Arruns
1075 4033 1252 4118 uiuus

553 4281 631 4437 {lll-3
650 4374 729 4429 run
757 4366 936 4427 statutum
965 4367 1020 4428 est
1048 4347 1149 4452 quod
1190 4347 1311 4454 aliqua
1349 4376 1507 4455 persona
1549 4377 1626 4431 non
1658 4353 1778 4457 possit
1805 4350 1982 4458 colligere
2011 4380 2078 4433 nec

492 4532 620 4610 capere
648 4503 756 4584 folias
784 4531 891 4610 super
918 4505 1058 4610 aliquas
1076 4509 1226 4586 arbores
1244 4505 1392 4587 alienas,
1413 4534 1480 4586 nec
1510 4509 1622 4588 etiam
1650 4509 1689 4589 in
1716 4508 1846 4589 alienis
1872 4510 1992 4590 uineis
2020 4510 2079 4591 uel
2210 4585 2213 4588 .

491 4663 628 4744 aurinis
655 4662 779 4768 aliquo
808 4664 938 4743 modo.
969 4666 1036 4743 sub
1063 4691 1158 4768 pena
1178 4663 1384 4745 solidorum
1413 4695 1437 4744 v
1464 4693 1532 4771 pro
1562 4666 1723 4771 qualibet
1741 4694 1899 4771 persona
1928 4688 1964 4748 et
1992 4696 2077 4774 qua·

493 4822 582 4902 libet
610 4824 703 4901 uice.
733 4841 770 4901 et
797 4822 957 4902 totidem
983 4849 1053 4928 pro
1081 4823 1239 4904 emenda
1266 4850 1376 4927 passo
1414 4823 1630 4929 dampnum.
1660 4827 1706 4906 Et
1733 4826 1896 4932 quelibet
1922 4853 2081 4932 persona

490 4981 608 5087 possit
636 4981 721 5061 inde
748 5007 929 5061 accusare.
959 4998 996 5061 et
1024 4983 1057 5061 ei
1085 4983 1293 5062 iuramento
1322 4982 1499 5062 credatur.
1530 5003 1566 5063 et
1593 4983 1726 5065 habeat
1761 4987 1909 5065 tertiam
1935 5004 2079 5090 partem

492 5138 617 5220 banni.
