4800 6698
583 498 837 578 iurisdictione
865 497 986 603 aliqua
1014 498 1115 603 ligna
1143 500 1287 578 minuta
1316 498 1390 578 sica
1419 498 1540 578 soluat
1567 522 1636 601 pro
1666 524 1760 602 pena
1781 517 1818 579 et
1837 497 1961 579 banno
1982 498 2125 580 solidos
2144 529 2182 583 111

582 657 681 736 curie
710 675 747 736 et
774 656 935 736 totidem
962 684 1031 760 pro
1060 656 1231 736 emenda.
1248 677 1285 736 et
1313 656 1476 762 quelibet
1503 658 1623 762 possit
1651 656 1738 739 inde
1766 684 1936 739 accusare
1964 678 2001 739 et
2030 660 2064 739 ei
2093 660 2183 740 iura-

582 832 713 893 mento
742 812 908 893 credatur
936 833 973 892 et
1001 813 1133 894 habeat
1160 815 1309 894 tertiam
1336 833 1480 919 partem
1507 815 1632 895 banni.

383 1264 460 1320 200
560 1179 768 1392 QJOD
787 1264 942 1347 NEMO
959 1263 1143 1347 POSSlT
1157 1263 1365 1348 TENERE
1382 1258 1628 1359 ALlQUAM
1645 1253 1870 1340 BESTIAM
1889 1251 2166 1336 PORCINAM

721 1423 776 1505 IN
804 1424 958 1506 U1LLA
986 1423 1326 1506 BAENNARUM.

632 1672 711 1790 Ῐῖιῑιῖ
739 1737 820 1794 ran
845 1729 1024 1791 statutum
1054 1728 1109 1789 est
1138 1710 1239 1814 quod
1268 1708 1389 1814 aliqua
1416 1737 1574 1815 persona
1611 1735 1691 1789 non
1718 1711 1838 1815 possit
1865 1729 1992 1791 tenere
2020 1711 2181 1816 aliquam

578 1868 746 1947 bestiam
772 1869 965 1973 porcinam
998 1869 1036 1947 in
1069 1866 1156 1946 uilla
1190 1867 1417 1947 baennarum
1454 1867 1500 1947 ad
1534 1867 1707 1947 domum.
1747 1867 1812 1948 sed
1850 1887 2018 1948 teneatur
2054 1897 2208 1962 cazare

579 2026 675 2130 ipsas
703 2026 838 2106 bestias
865 2027 1037 2131 porcinas
1063 2025 1109 2105 ad
1137 2025 1366 2130 pascendum
1394 2026 1433 2105 in
1460 2044 1648 2130 pasturam
1677 2026 1715 2105 in
1743 2027 1885 2131 campis
1916 2028 2094 2108 continue
2123 2057 2182 2108 ex-

579 2184 695 2288 ceptis
718 2156 852 2263 bestiis
880 2183 1159 2289 impinguandis
1187 2183 1232 2263 ad
1262 2183 1571 2264 interficiendum.
1602 2203 1638 2263 et
1657 2184 1830 2288 porcellis
1856 2186 2090 2291 pupantibusf
2120 2189 2182 2292 qui

537 2383 540 2389 ¹
578 2343 723 2445 possint
751 2343 868 2421 teneri
897 2341 1087 2447 usquead
1116 2360 1190 2421 tres
1218 2369 1379 2422 menses.
1409 2361 1446 2421 et
1475 2344 1639 2448 exceptis
1661 2360 1772 2446 troys
1799 2344 2079 2448 pregnantibus
2109 2373 2180 2450 que

578 2501 724 2605 possint
751 2501 802 2579 ibi
830 2501 946 2580 teneri
974 2519 1174 2605 postquam
1202 2500 1469 2605 porcellassent
1504 2528 1569 2605 per
1607 2520 1682 2581 tres
1710 2501 1927 2582 edomadas.
1959 2522 1996 2582 et
2023 2530 2183 2608 persona

578 2685 651 2764 que
679 2658 935 2739 contrafecerit
963 2658 1084 2739 soluat
1111 2686 1179 2763 pro
1206 2687 1300 2764 pena
1328 2687 1396 2763 pro
1424 2658 1586 2763 qualibet
1614 2658 1675 2739 die
1704 2679 1741 2739 et
1769 2648 2068 2765 qualibet'bestia
2097 2661 2183 2742 soli-

580 2817 652 2897 dos
679 2844 729 2897 ru.
759 2836 796 2896 et
824 2815 987 2923 quelibet
1013 2843 1172 2922 persona
1199 2818 1317 2922 possit
1345 2817 1432 2897 inde
1452 2844 1633 2898 accusare.
1655 2837 1692 2898 et
1710 2818 1878 2899 credatur
1897 2821 1931 2899 ei
1959 2821 2181 2902 iuramento.

581 2995 617 3056 et
644 2976 778 3056 habeat
804 2977 951 3056 tertiam
980 2995 1123 3081 partem
1152 2976 1263 3055 banni
1292 2995 1328 3056 et
1357 2994 1524 3056 teneatur
1562 2979 1715 3081 priuata.
1754 2995 1791 3058 et
1819 2977 1866 3058 de
1894 2977 2023 3059 bestiis
2051 2980 2182 3085 impin·

579 3127 739 3239 guandis
767 3134 934 3214 credatur
962 3099 1171 3214 iuramento
1199 3162 1269 3214 suo
1297 3134 1349 3213 illi
1379 3134 1483 3214 cuius
1512 3154 1647 3234 essent.
1677 3135 1739 3215 uel
1767 3135 1902 3217 luennt
1929 3138 2093 3243 predicte
2121 3142 2183 3218 be·

581 3294 649 3373 stie
678 3293 841 3396 porcine.

382 3736 455 3792 ²01
567 3648 687 3813 AD
716 3727 862 3825 QUOS
891 3718 1176 3811 FERRARIOS
1203 3724 1390 3810 LICEAT
1408 3720 1699 3807 HOMlNlBUS
1725 3713 2056 3800 BAENNARUM
2082 3713 2165 3795 FA·
2299 3697 2301 3700 ⁵

720 3885 947 3970 BRICARE.

630 4089 661 4150 b*
2103 4134 2107 4144 .

628 4094 824 4292 ffatim·
847 4202 1025 4263 statutum
1046 4181 1222 4287 estquod
1251 4181 1359 4262 liceat
1387 4182 1605 4263 hominibus
1634 4181 1860 4263 baennarum
1882 4182 2056 4265 fabricare
2076 4183 2150 4264 etl
2167 4232 2179 4244 ·

579 4342 709 4421 bricari
737 4340 854 4421 facere
882 4341 928 4422 ad
958 4369 1061 4422 suam
1083 4341 1235 4422 liberam
1255 4342 1491 4422 uoluntatem
1511 4340 1556 4420 ad
1576 4309 1896 4453 massagium)
1915 4341 2181 4446 cuiuscumque
2308 4455 2310 4458 q

579 4497 814 4579 ferrariorum
841 4499 1068 4580 baennarum
1096 4500 1268 4581 uoluerit.
1311 4501 1384 4581 hoc
1427 4519 1571 4604 tamen
1595 4498 1715 4578 modo
1757 4517 1794 4579 et
1840 4497 1972 4580 forma.
2007 4498 2182 4580 uidelicet

581 4657 684 4763 quod
713 4656 876 4761 quelibet
904 4685 1061 4762 persona
1090 4687 1161 4764 que
1188 4659 1367 4764 'inceperit
1409 4657 1526 4738 facere
1567 4657 1733 4737 fabricari
1774 4684 1861 4737 cum
1888 4685 1967 4738 uno
1994 4656 2182 4739 dictorum

579 4814 813 4896 ferrariorum
841 4834 1009 4932 teneatur
1036 4835 1121 4896 toto
1150 4816 1216 4896 illo
1244 4844 1345 4896 anno
1374 4817 1491 4896 lacere
1519 4814 1693 4895 fabricare
1721 4814 1782 4894 uel
1810 4814 1976 4895 labricari
1995 4815 2092 4895 dicta
2110 4815 2184 4896 fer·

578 4993 757 5055 ramenta.
772 4974 818 5054 ad
846 4976 1077 5079 massagium
1104 4975 1325 5080 pertinentia
1354 4973 1422 5081 (5)
1450 4973 1600 5053 ferrario
1627 4972 1810 5078 predicto,
1841 4992 1878 5052 et
1907 4973 1942 5052 ei
1970 4973 2180 5054 satislacere

578 5134 625 5213 de
654 5134 873 5237 massaggio
901 5154 938 5214 et
966 5133 1012 5213 de
1041 5132 1122 5212 aliis
1151 5133 1277 5214 loeriis
1305 5131 1615 5212 ferramentorum
1634 5132 1737 5210 iuxta
1755 5130 1916 5211 formam
1945 5132 2182 5212 instrumenti
2287 5113 2297 5129 ¹

579 5289 664 5371 lacti
691 5294 786 5372 inter
813 5319 975 5373 comune
1004 5310 1041 5373 et
1069 5291 1249 5372 ferrarios
1280 5291 1354 5371 hoc
1382 5310 1510 5370 tamen
1539 5288 1645 5369 saluo
1674 5289 1776 5394 quod
1806 5290 1836 5369 si
1866 5288 1987 5369 dictus
2014 5287 2184 5370 ferrarius

543 5560 547 5567 Ι
579 5450 709 5531 nollet.
738 5451 798 5530 uel
826 5478 904 5532 non
931 5471 1059 5556 posset
1086 5470 1237 5557 propter
1265 5450 1467 5531 deffectum
1496 5447 1668 5528 carbonis
1710 5446 1769 5526 uel
1803 5447 1874 5528 alia
1902 5449 2102 5529 occasione
2130 5447 2184 5528 fa-
2226 5516 2229 5521 .
