4800 6696
605 490 643 590 f·
725 550 800 597 [ΧΠ.
838 475 913 601 De
935 556 1034 601 uxore
1057 532 1227 600 decedente
1249 534 1317 599 sine
1340 531 1509 599 heredibus
1533 550 1564 599 et
1588 534 1705 600 marito
1725 534 1897 602 decedente
1925 537 2054 603 uiuente
2078 541 2187 608 uxore.

836 724 971 906 Q
995 779 1096 866 aliqua
1120 779 1279 866 possessio
1295 800 1360 844 uon
1376 779 1476 864 possit
1497 777 1591 844 uendi
1608 797 1673 845 non
1695 777 1832 846 soluenti
1854 779 1980 846 fodrum
1996 783 2031 847 in
2046 764 2187 848 baennis.

603 963 641 1062 f·
701 1022 798 1069 Lxffli.
838 972 913 1093 De
935 1023 1075 1088 termino
1099 1020 1202 1088 dando
1225 1023 1258 1088 in
1282 1021 1581 1110 condempnatione.

836 1214 972 1383 Quod
995 1249 1129 1355 capitula
1153 1266 1296 1354 legantur
1318 1286 1348 1333 et
1376 1266 1614 1356 uuigalicentur.

602 1468 641 1568 f·
726 1529 799 1576 txv.
836 1462 913 1583 De
937 1515 1168 1580 contestatione
1192 1512 1267 1580 iitis.

603 1722 641 1820 f.
693 1778 801 1824 vaur.
837 1706 912 1872 De
935 1756 1247 1844 contraquerentibus
1271 1757 1312 1824 de‘
1334 1758 1440 1845 aliquo
1463 1779 1613 1847 precepto
1643 1758 1727 1826 facto
1751 1782 1806 1847 per
1830 1777 2031 1846 potestatem.

603 1965 641 2064 f·
691 2023 798 2088 txxvr.
835 1949 970 2117 Quod
994 2006 1132 2095 quelibet
1154 2026 1289 2093 persona
1312 2026 1373 2092 que
1397 2006 1511 2070 emerit
1534 2005 1669 2093 aliquam
1688 2028 1755 2071 rem
1772 2005 1882 2072 debeat
1899 2005 2024 2073 soluere
2041 2007 2180 2093 pretium

877 2237 879 2240 ,
961 2239 964 2246 ,
1004 2168 1038 2232 in
1061 2166 1194 2252 pecunia
1216 2181 1391 2230 numerata.

837 2355 910 2475 De
933 2405 993 2491 hijs
1017 2405 1071 2490 qui
1094 2400 1209 2467 debent
1234 2398 1388 2470 redimere
1411 2399 1546 2486 pignora
1569 2422 1625 2465 sua
1648 2422 1709 2487 que
1732 2401 1907 2487 posuerim.
1917 2402 1952 2465 in
1976 2400 2119 2487 pignore.
2154 2362 2166 2415 i

603 2582 819 2685 fobxxxvffli.
836 2574 964 2715 (Quod
1001 2640 1081 2678 nemo
1099 2623 1133 2676 de
1152 2624 1260 2677 barennis
1288 2621 1369 2690 possit
1397 2633 1457 2690 tray
1484 2621 1516 2673 ad
1546 2620 1672 2674 iudicium
1699 2635 1772 2676 extra
1798 2622 1924 2702 mnndi..
1936 2621 1987 2674 nisi
2005 2620 2038 2674 de'
2061 2591 2189 2674 rumddto

1004 2713 1133 2848 domni).
2149 2807 2150 2810 q
2281 2704 2285 2710 ’

605 2891 643 2990 f.
770 2947 822 2993 xc.
836 2892 992 3027 (Quod
1019 2927 1062 3000 in
1082 2926 1276 3020 ¹capitulis
1304 2924 1566 3019 loquentibus
1595 2928 1645 2998 de
1673 2923 1865 3017 episcopo
1881 2928 1986 2998 'ioco
2017 2923 2105 2998 eius
2125 2846 2188 2998 iri·

956 3085 1161 3178 telligatur
1184 3084 1353 3158 illustris
1372 3082 1565 3157 dominus
1589 3082 1782 3156 dominus
1801 3082 1989 3184 princeps
2008 3056 2167 3176 achaysd

604 3275 641 3373 f.
759 3334 822 3379 xer.
837 3242 932 3414 (De
955 3337 1089 3404 persona
1113 3238 1235 3410 citata).

604 3467 641 3566 f·
699 3578 700 3581 ,
738 3519 824 3564 XCIII·
836 3489 898 3590 De
917 3532 1028 3590 quatuor
1046 3520 1206 3589 sapientibus
1224 3534 1301 3587 super
1320 3517 1500 3588 questionibus
1519 3516 1650 3570 sedandis.

606 3871 774 3971 collatio
797 3908 899 3969 tertia
920 3908 1078 3969 videlicet
1101 3908 1143 3968 de
1167 3907 1327 3968 omnibus
1349 3904 1531 3967 maleficiis
1546 3908 1580 3966 et
1597 3905 1845 3966 ordinamentis
1861 3904 2071 3980 eteapitulis
2093 3904 2194 3966 factis

574 4132 576 4137 λ
605 4081 708 4140 super
731 4065 904 4141 predictis
918 4070 952 4128 et
974 4065 1222 4142 pertinentibus
1244 4066 1289 4127 ad
1312 4064 1466 4141 predicta
1488 4063 1671 4125 maleficia.
1694 4067 1732 4139 ut
1754 4062 1845 4123 infra
1866 4041 2070 4131 continetur.
2133 4041 2160 4129 i

603 4359 641 4457 f·
758 4414 800 4461 111.
840 4353 913 4506 De
936 4425 1046 4471 accusa
1069 4402 1139 4469 data
1163 4425 1218 4490 per
1242 4401 1435 4489 exemplum.

840 4580 914 4701 De
938 4653 1088 4719 processu
1111 4631 1194 4698 facto
1218 4650 1327 4720 contra
1351 4629 1534 4718 capitulum.
1641 4704 1643 4708 Α

501 4873 506 4880 ’
603 4848 640 4947 f.
746 4902 798 4949 v11.
840 4826 914 4947 De
937 4898 1017 4964 pena
1041 4878 1190 4965 imposita
1214 4874 1452 4943 aranchantibus
1480 4876 1646 4941 terminos.

603 5094 640 5193 f.
721 5150 798 5196 vrrrr.
840 5071 915 5192 De
937 5123 1076 5188 termino
1099 5119 1298 5187 defensionis,
1316 5118 1430 5186 dando.

840 5312 915 5436 De
936 5361 1047 5430 bannis
1071 5361 1317 5448 campariorium
1340 5358 1580 5447 cognoscendis.
