4800 6696
258 436 296 534 f.
356 492 455 539 anu.
493 428 567 584 De
590 478 680 545 taleis
711 479 883 546 soluendis.

257 681 295 779 f·
334 736 455 784 varm.
494 673 630 848 Quod
654 726 766 814 aliquis
791 728 925 793 nuncius
950 726 999 792 uel
1024 725 1188 793 familiaris
1211 729 1377 816 potestatis
1392 750 1458 794 non
1475 726 1566 794 faciat
1590 727 1769 795 custodiam
1785 751 1864 816 pro·

659 875 776 963 aliquo,

255 1067 294 1165 f·
358 1124 454 1170 Lxxn.
491 1059 627 1227 Quod
651 1128 787 1199 potestas
812 1131 954 1179 teneatur
977 1134 1096 1201 ponere
1113 1114 1146 1179 in
1166 1130 1291 1200 regesto
1316 1135 1428 1179 omnes
1452 1134 1603 1200 personas
1625 1112 1846 1202 undecumque

650 1263 713 1327 sint
737 1261 887 1328 habentes
910 1262 1028 1351 aliquas
1052 1286 1110 1329 res.
1150 1252 1152 1256 Α

236 1450 292 1550 f·
343 1509 452 1555 uxxm.
492 1446 629 1621 Quod
653 1497 806 1585 eligantur
830 1499 895 1566 duo
919 1499 1066 1566 hommes
1089 1501 1144 1587 qui
1168 1518 1316 1567 maneant
1340 1522 1414 1567 cum
1438 1519 1592 1589 potestate
1615 1500 1741 1589 quando
1771 1500 1846 1567 facit

658 1648 903 1736 condempnare.

254 1837 291 1935 f.
341 1893 449 1939 11111111.
490 1830 626 2007 Quod
650 1886 765 1950 notarii
799 1904 830 1950 et
864 1883 978 1951 sindici
1012 1907 1079 1951 non
1113 1884 1246 1952 debeant
1276 1887 1479 1952 committere
1503 1884 1646 1951 fraudem
1670 1887 1702 1952 in
1727 1908 1839 1953 eorum

655 2032 808 2100 officium.

251 2225 289 2323 f·
352 2279 448 2325 LXXX·
490 2215 627 2391 Quod
650 2287 789 2356 potestas
812 2287 956 2336 teneatur
980 2269 1081 2337 facere
1105 2271 1188 2337 solui
1212 2274 1320 2338 omnia
1345 2275 1494 2338 comunia
1518 2274 1678 2339 extimata.

251 2487 289 2585 f.'
315 2542 471 2588 axxxvrn.
491 2463 565 2583 De
589 2518 734 2604 personis
758 2517 929 2605 detemptis
952 2540 1008 2605 per
1033 2516 1202 2585 familiares
1225 2519 1399 2605 potestatis.

248 2730 286 2829 f.
363 2768 463 2833 'xc1..
488 2686 645 2875 (Quod
669 2760 766 2827 nichil
798 2759 890 2829 detur
913 2760 1072 2849 obligetur
1094 2760 1136 2828 de
1158 2760 1251 2828 bonis
1275 2763 1422 2829 comunis
1451 2685 1672 2853 baennaruml,

485 2928 642 3120 (Quod
666 3023 804 3092 potestas
828 3030 892 3073 non
917 3008 1017 3094 possit
1040 3006 1157 3074 ducere
1180 3004 1318 3096 aliquem
1344 3006 1497 3074 famulum
1525 3008 1579 3095 qui
1603 3008 1643 3074 sit
1667 2928 1838 3096 bannitus),

486 3178 643 3366 (Quod
667 3251 822 3343 eligantur
845 3251 909 3318 duo
932 3252 1081 3318 homines
1105 3251 1144 3318 de
1167 3250 1321 3319 conscilio
1345 3254 1400 3340 qui
1428 3251 1563 3319 debeant
1584 3255 1630 3319 ire
1654 3275 1729 3319 cum
1756 3251 1840 3330 deci·

657 3426 832 3493 matoribus
856 3415 896 3492 ad
919 3426 1122 3513 coligendum
1147 3386 1315 3554 decimas).

244 3605 282 3703 f.
371 3662 446 3707 xcu.
486 3562 581 3732 (De
597 3636 748 3703 soluenda
771 3634 891 3723 gabella
915 3637 942 3701 si
966 3635 1172 3703 extrahuntur
1203 3657 1319 3701 monos
1343 3635 1394 3701 uel
1417 3635 1537 3722 tegulas
1557 3633 1596 3701 de
1618 3658 1713 3724 posse
1742 3635 1840 3701 baen-

665 3763 805 3921 nalum).

487 3964 597 4090 Quod
616 4007 706 4059 omnia
725 4004 837 4059 consilia
857 4004 979 4075 legantur
999 4004 1026 4057 in
1046 4003 1165 4057 consilio.

486 4159 549 4257 De
568 4199 833 4252 condemnationibus
854 4197 956 4251 fiendis.

484 4351 594 4477 Quod
615 4404 729 4460 potestas
748 4408 802 4444 non
822 4391 908 4460 capiat
926 4390 969 4443 uel
988 4390 1077 4460 exigat
1095 4387 1201 4459 aliquod
1221 4389 1344 4440 bannum.

247 4660 416 4765 collatio
440 4705 593 4765 secunda
615 4702 777 4762 videlicet
801 4704 843 4761 de
866 4704 999 4761 ratione
1022 4702 1170 4759 tenenda
1194 4705 1226 4758 et
1250 4701 1291 4758 de
1316 4699 1477 4757 omnibus
1502 4697 1580 4756 aliis
1596 4699 1701 4755 rebus
1725 4698 1759 4754 et
1783 4710 1842 4754 ca-

247 4854 364 4929 pitulis
388 4859 422 4912 et
446 4852 695 4913 ordinamentis
719 4851 968 4925 pertinentibus
992 4851 1037 4909 ad
1060 4850 1172 4922 ipsam
1195 4849 1375 4908 rationem.

243 5101 280 5199 f·
420 5157 441 5201 Ι·
487 5098 562 5251 De
586 5170 721 5236 persona
745 5171 806 5235 que
830 5146 939 5213 fecerit
963 5146 1057 5212 aliam
1080 5168 1250 5234 personam
1274 5146 1362 5212 citari
1386 5167 1494 5212 coram
1518 5146 1614 5211 curia.

485 5344 563 5495 De
588 5417 723 5483 persona
748 5396 851 5461 citata.
