4800 6698
930 259 1189 365 ·LXHI

311 568 349 645 in
376 566 523 670 plathea
552 567 792 680 baenuarum,
816 569 865 654 ,ad
894 569 1067 680 standum
1096 596 1181 647 cum
1209 567 1290 648 aliis
1318 567 1560 679 manualibus¹
1580 569 1643 671 qui
1670 569 1839 662 nundum
1859 595 1898 648 se

311 713 527 806 locaueririt.
548 694 603 806 'Et
623 718 747 831 'quod'
760 709 909 831 ¹aliquis¹
934 717 1115 806 manualis
1156 709 1366 832 postquam,
1396 717 1435 819 se
1449 717 1453 722 ⁴
1468 714 1654 817 Jl'ocaierit
1669 714 1672 720 ¹
1686 712 1794 817 alicui
1811 713 1899 806 uon

309 886 428 988 possit
457 912 495 963 se
525 884 645 963 locare
673 884 777 963 alteri
805 883 866 963 illa
894 883 966 963 die.
996 884 1061 963 sed
1103 877 1269 962 teneatur
1300 869 1477 963 'laborare'
1508 873 1559 961 illi
1581 871 1745 987 'per‘sbne
1773 885 1898 992 cuise

211 1109 213 1112 ,
311 1039 489 1121 locauerit
516 1043 651 1145 primo.
682 1061 719 1122 et
747 1043 924 1122 conuenit
951 1069 1019 1146 pro
1048 1039 1168 1122 loerio
1196 1061 1397 1122 conuentu.
1426 1043 1472 1122 Et
1500 1068 1657 1145 persona
1685 1068 1756 1145 que
1774 1014 1898 1121 fecerit

312 1216 441 1277 contra
469 1199 631 1303 predicta
659 1199 718 1279 uel
747 1198 884 1304 aliquid
904 1199 1166 1304 predictorum.
1197 1198 1317 1278 soluat
1344 1226 1416 1303 pro
1443 1225 1536 1303 pena
1565 1199 1662 1277 curie
1705 1193 1847 1277 solidos
1875 1224 1899 1275 v

312 1386 380 1463 pro
410 1357 577 1463 quolibet
606 1335 646 1436 et
670 1357 832 1460 qualibet
859 1358 952 1436 uice.
982 1376 1019 1436 et
1047 1356 1200 1461 quilibet
1226 1358 1345 1462 possit
1383 1357 1468 1436 inde
1510 1383 1690 1436 accusare.
1720 1376 1756 1435 et
1784 1357 1817 1436 ei
1846 1356 1897 1434 iu-

312 1534 483 1598 ramento
514 1516 692 1596 credatur.
723 1535 759 1595 et
787 1515 918 1595 habeat
946 1517 1094 1596 tertiam
1122 1535 1264 1619 partem
1292 1515 1414 1595 banni.
1431 1551 1462 1599 et
1485 1532 1570 1621 quod
1594 1532 1706 1620 aliquis
1729 1531 1782 1597 uel
1799 1530 1901 1618 aliqua

245 1676 246 1679 Ἴ
313 1716 379 1759 non
403 1694 504 1780 possit
527 1693 631 1759 locare
655 1692 792 1780 aliquem
817 1691 1029 1759 laboratorem
1054 1715 1112 1758 nec
1136 1692 1234 1759 locari
1258 1692 1360 1759 facere
1383 1694 1444 1758 nisi
1466 1692 1519 1759 illa
1543 1692 1593 1759 die
1618 1715 1678 1779 qua
1701 1690 1839 1758 uoluerit
1854 1689 1870 1754 l
1885 1728 1902 1738 ·

313 1872 386 1917 cere
411 1848 546 1916 laborari
570 1816 584 1882 l
608 1868 639 1915 et
662 1872 797 1937 persona
821 1871 881 1937 que
905 1873 938 1915 se
962 1849 1114 1917 locauerit
1137 1851 1199 1916 nisi
1221 1849 1273 1916 illa
1297 1849 1347 1916 die
1372 1873 1432 1938 qua
1456 1848 1580 1916 debebit
1604 1826 1745 1915 laborare
1769 1847 1784 1880 *
1807 1865 1838 1912 et
1854 1845 1902 1912 lo-

314 2027 402 2075 cator
426 2026 457 2073 et
482 2010 535 2094 qui
559 2030 593 2073 se
616 2007 768 2074 locauerit
792 2008 893 2075 soluat
918 2031 977 2095 pro
1001 2007 1142 2095 quolibet
1166 2025 1196 2075 et
1219 2007 1356 2095 qualibet
1391 2010 1460 2074 uice
1494 2006 1614 2073 solidos
1638 2029 1671 2073 111
1706 2023 1845 2072 astenses
1869 2022 1899 2070 et

313 2166 463 2233 dominus
488 2184 627 2254 potestas
651 2168 751 2254 possit
773 2166 847 2233 inde
870 2167 1028 2254 inquirere
1064 2167 1102 2234 ad
1128 2188 1226 2234 ,suam
1251 2165 1447 2232 uoluntatem
1473 2164 1541 2230 *et
1565 2163 1702 2251 quelibet
1726 2184 1860 2250 persona
1885 2161 1899 2194 *

313 2327 453 2412 exceptis
477 2324 616 2391 boueriis
640 2343 671 2391 et
694 2325 763 2391 aliis
788 2325 932 2412 personis
955 2346 1016 2412 que
1039 2324 1217 2392 laborarent
1241 2326 1275 2390 in
1298 2323 1373 2391 uilla
1397 2343 1428 2390 et
1453 2323 1619 2411 ayralibus.
1643 2323 1699 2412 (1)

116 2845 193 2924 270
309 2733 512 2940 QOD
553 2813 808 2897 BOUERIUS
835 2813 1116 2898 TENEATUR
1143 2811 1419 2896 LABORARE
1449 2811 1546 2894 ILH
1573 2809 1659 2895 CUI
1685 2809 1896 2895 PROMIS·
2016 2857 2018 2861 ·
2071 2736 2078 2751 Ι

468 2968 624 3054 SERIT.

375 3183 552 3390 Quem
581 3327 760 3388 statutum
785 3327 840 3386 est
869 3306 970 3411 quod
1000 3307 1029 3385 si
1049 3306 1181 3409 aliquis
1199 3305 1374 3384 bouerius
1402 3303 1618 3382 conuenerit
1647 3328 1711 3380 seu
1739 3300 1901 3404 promis·

315 3466 538 3551 seritalicui
567 3466 740 3583 laborare.
752 3493 825 3560 seu
834 3533 844 3555 .,
862 3464 1084 3558 laborerium
1126 3462 1242 3544 facere
1271 3488 1357 3541 cum
1386 3463 1517 3583 bobus
1532 3450 1901 3568 procertoaloerio':

312 3590 482 3705 teneatur
500 3590 645 3704 libcei
670 3589 883 3713 'attenderes
903 3589 949 3701 ef
964 3593 1194 3725 'nori'poss'it
1222 3599 1283 3699 illa
1312 3597 1371 3698 di'e
1389 3594 1567 3698 laborare
1600 3592 1678 3696 siue
1703 3586 1750 3696 se
1779 3589 1899 3695 locare

314 3773 431 3854 alteri.
461 3776 508 3854 Et
535 3773 689 3878 quilibet
716 3772 778 3877 qui
807 3759 942 3850 lecerit
959 3760 1088 3849 contra
1116 3752 1366 3873 predictauel
1394 3765 1531 3870 aliquid
1550 3753 1801 3869 predicmrum
1829 3763 1901 3843 sol-

316 3952 378 4012 uat
406 3960 473 4036 pro
501 3959 596 4037 pena
624 3950 661 4011 et
688 3930 813 4010 banno
843 3927 986 4008 solidos
1013 3955 1049 4006 v.
1079 3927 1126 4006 Et
1154 3925 1308 4032 quilibet
1348 3925 1467 4028 possit
1494 3922 1580 4002 inde
1608 3949 1776 4002 accusare
1804 3942 1841 4002 et
1869 3926 1902 4002 ei

159 4193 163 4202 ἦ
281 4083 284 4087 ’
315 4093 525 4170 iuramento
554 4089 733 4169 credatur.
763 4107 800 4167 et
828 4086 961 4167 habeat
987 4086 1134 4166 tertiam
1162 4104 1304 4189 partem
1332 4083 1454 4162 banni.
1576 4195 1578 4199 Α

113 4479 189 4657 a71
311 4463 512 4672 leOD
540 4543 824 4658 PROCESSUS
842 4542 1041 4627 FACTUS
1059 4538 1279 4627 CONTRA
1297 4535 1552 4623 CAPITULA
1573 4535 1897 4621 BAENNARUM

199 4735 201 4739 ’
431 4733 433 4736 ’
470 4703 549 4786 SIT
576 4702 793 4788 NULLIUS
819 4698 1053 4784 UALORIS.

377 4921 554 5123 &aaut
582 5051 760 5112 statutum
789 5050 845 5110 est
873 5029 1024 5134 quodsi
1052 5045 1218 5133 potestas
1246 5023 1471 5106 baennarum
1499 5022 1559 5103 uel
1588 5023 1666 5101 eius
1694 5020 1818 5100 locum
1846 5038 1896 5098 te-

231 5230 232 5233 *
316 5219 410 5272 nens
438 5189 571 5271 lecerit
599 5189 761 5293 aliquem
790 5214 1007 5292 processum
1027 5204 1155 5266 contra
1174 5184 1335 5288 aliquam
1355 5208 1551 5287 personam
1570 5178 1630 5260 uel
1648 5204 1824 5283 personas
1842 5175 1904 5255 ali·

316 5377 387 5453 qua
415 5349 613 5429 occasione
642 5365 771 5426 contra
798 5345 959 5426 formam
987 5344 1140 5423 alicuius
1167 5341 1314 5445 capituli
1356 5340 1595 5418 baennarum.
1628 5362 1824 5441 processus
1851 5353 1901 5414 ta·

317 5506 399 5585 liter
427 5506 543 5585 factus
571 5505 617 5584 sit
646 5505 808 5585 omnino
836 5502 971 5582 nullius
999 5501 1147 5581 ualoris.
