4800 6698
956 245 1233 349 LXXXVI

308 551 491 629 lossatum
519 550 625 653 penis
654 566 690 627 et
718 546 849 626 bannis
877 548 1063 652 impositis
1091 548 1262 652 personis
1290 548 1653 629 contrafacientibus.
1674 568 1783 653 prout
1804 549 1903 629 uide-

308 708 404 788 bitur
433 709 500 812 ipsi
530 706 689 786 domino
717 707 904 810 potestati.
926 706 972 784 Et
991 705 1253 785 confirmatum
1273 725 1328 786 est
1348 707 1419 785 hoc
1449 707 1661 812 capitulum.
1692 706 1796 788 saluo
1825 708 1902 787 iure
1964 778 1967 783 ,

310 863 504 944 cuiuslibet
532 891 689 969 persone
719 863 897 968 specialis,

116 1302 187 1396 362
302 1200 415 1366 DE
455 1279 694 1362 FOSSATO
740 1277 1004 1359 FACIENDO
1045 1278 1113 1359 ET
1157 1275 1569 1359 MANUTENENDO
1613 1276 1687 1358 AD
1730 1277 1897 1360 RIUUM

458 1441 634 1524 RUBEE.
672 1440 739 1546 (1)

366 1655 550 1859 &aaut
593 1776 770 1836 statutum
814 1775 870 1835 est
911 1754 1012 1860 quod
1055 1754 1216 1859 quelibet
1257 1782 1414 1860 persona
1446 1756 1586 1837 habens
1622 1759 1902 1861 possessionem

227 1989 229 1994 .
310 1912 474 2018 aliquam
502 1914 547 1993 acl
577 1915 698 1995 riuum
726 1913 838 1992 rubee
867 1915 1085 2016 contiguam
1114 1914 1267 1992 comuni
1297 1913 1344 1992 ab
1372 1934 1524 2019 utraque
1553 1932 1653 2019 parte
1677 1917 1737 1996 vie
1756 1944 1777 1995 a
1795 1937 1901 2021 prato

309 2072 463 2152 villelmi
494 2093 595 2177 spate
624 2071 814 2176 usquead
843 2092 979 2151 terram
1023 2055 1220 2150 bonorum
1249 2092 1285 2151 et
1313 2071 1432 2151 danici
1476 2101 1612 2177 quayre
1655 2094 1691 2153 et
1719 2096 1900 2179 quantum

304 2249 407 2309 tenet
435 2229 533 2308 dicta
560 2248 654 2308 terra
683 2249 851 2310 teneatur
878 2230 996 2311 facere
1026 2229 1168 2308 dictum
1203 2227 1391 2308 fossatum
1420 2251 1456 2308 et
1486 2251 1725 2310 manutenere
1759 2232 1896 2312 factum

308 2388 355 2466 de
383 2387 499 2466 tribus
528 2407 564 2467 et
591 2415 642 2468 1111
657 2350 658 2353 Ἴ
670 2388 826 2493 pedibus
846 2414 953 2493 super
973 2415 1134 2467 comune
1155 2390 1249 2467 inter
1269 2415 1307 2467 se
1327 2407 1364 2467 et
1384 2415 1546 2468 comune
1566 2391 1615 2468 ita
1635 2390 1736 2493 quod
1756 2390 1897 2470 dictum
2024 2461 2026 2464 ,

309 2544 490 2624 fossatum
520 2546 566 2624 sit
594 2547 816 2648 contiguum
844 2545 943 2625 dicte
971 2547 1199 2650 possessioni
1231 2573 1344 2650 usque
1372 2545 1418 2624 ad
1447 2545 1583 2625 festum
1608 2566 1844 2651 pentecostes
1864 2568 1900 2627 et

204 2790 206 2794 ,
309 2704 473 2806 proicere
502 2722 637 2783 terram
666 2704 753 2782 dicti
782 2702 910 2783 fossati
937 2724 1058 2783 totam
1083 2731 1236 2782 ¹uersum
1264 2704 1364 2803 uiam
1393 2709 1459 2783 sub
1488 2731 1581 2808 pena
1616 2705 1821 2785 solidorum
1850 2733 1901 2788 1111

309 2822 377 2963 pro
406 2864 530 2939 banno
560 2880 596 2939 et
624 2861 785 2940 totidem
812 2888 881 2965 pro
910 2861 1066 2940 emenda
1096 2863 1247 2940 comuni
1277 2890 1343 2966 pro
1372 2861 1533 2966 qualibet
1573 2890 1731 2967 persona
1760 2884 1902 2959 contra·

310 3017 465 3096 faciente
496 3037 531 3096 et
560 3017 826 3097 nichilominus
855 3038 1021 3097 teneatur
1049 3039 1288 3099 manutenere
1317 3020 1458 3098 dictum
1478 3018 1658 3100 fossatum
1686 3040 1726 3100 ut
1755 3022 1898 3101 dictum

292 3195 378 3283 ¹est.
408 3194 446 3254 et
475 3177 604 3281 siqua
633 3203 790 3281 persona
821 3178 1087 3256 strauariauerit
1116 3205 1249 3281 aquam
1291 3177 1379 3256 dicti
1407 3178 1534 3257 lossati
1563 3178 1695 3258 alicubi
1725 3181 1898 3260 eamdem

309 3359 446 3437 penam
475 3334 690 3419 substineat.
721 3335 766 3413 Et
795 3334 957 3439 quelibet
984 3361 1142 3440 persona
1162 3337 1280 3439 possit
1300 3336 1385 3414 inde
1405 3363 1574 3420 accusare
1594 3337 1900 3419 contrafacientes

311 3509 348 3569 et
376 3492 409 3570 ei
439 3492 648 3570 iuramento
678 3492 855 3571 credatur.
886 3494 932 3572 Et
960 3512 1125 3596 potestas
1153 3495 1271 3596 possit
1314 3494 1399 3573 inde
1443 3495 1625 3598 inquirere
1654 3481 1778 3600 aliquo
1807 3499 1901 3602 capi-

310 3648 391 3729 tulo
420 3645 497 3728 non
526 3650 709 3730 obstante.

117 4084 187 4184 363
307 3977 419 4143 Du
445 4057 684 4139 Fossnro
712 4031 976 4139 anemurio
994 4041 1067 4143 Ao
1085 4057 1299 4138 nonan
1316 4037 1539 4138 Mauram
1565 3994 1895 4137 mosanarii.

295 4375 298 4381 ’
371 4274 549 4481 Qun
577 4408 755 4469 statutum
771 4408 841 4473 ‚est
877 4390 981 4495 quod
1022 4390 1184 4494 quelibet
1224 4417 1382 4494 persona
1423 4391 1563 4468 habens
1589 4391 1897 4493 possessionesa

312 4548 427 4629 molia
455 4576 527 4653 que
555 4547 622 4628 fuit
650 4549 798 4627 martini
827 4548 1007 4628 trosarelli
1036 4575 1151 4652 usque
1179 4547 1224 4626 ad
1253 4568 1407 4652 pontem
1427 4546 1567 4627 tiraculi
1588 4548 1655 4654 (2)
1674 4548 1719 4643 ab
1748 4569 1900 4655 utraque

312 4728 412 4813 parte
440 4709 501 4786 uie
530 4727 696 4787 teneatur
725 4726 761 4787 et
790 4707 922 4787 debeat
951 4707 1067 4786 lacere
1095 4713 1212 4785 'unum
1235 4673 1436 4798 ,fossatum
1473 4708 1566 4786 inter
1604 4734 1642 4786 se
1672 4728 1707 4786 et
1736 4735 1899 4788 comune
1960 4768 1961 4773 a

313 4894 428 4970 usque
457 4865 502 4943 ad
530 4865 670 4944 dictum
699 4883 867 4969 pontem.
897 4864 1018 4943 taliter
1045 4864 1146 4968 quod
1176 4890 1268 4968 aqua
1305 4890 1382 4942 non
1423 4865 1542 4967 possit
1585 4863 1656 4943 labi
1684 4866 1722 4942 in
1751 4866 1810 4942 uia
1837 4893 1903 4970 pu·

250 5047 263 5103 J
314 5023 417 5103 blica.
448 5022 566 5118 Quod
595 5022 775 5102 fossatum
805 5022 963 5102 debeant
990 5021 1119 5102 fecisse
1161 5022 1351 5126 usquead
1379 5019 1515 5101 festum
1556 5041 1792 5126 pentecostes
1819 5052 1902 5128 pro·

314 5183 414 5260 xime
442 5199 641 5260 uenturum
671 5182 737 5259 sub
766 5208 859 5284 pena
902 5201 937 5259 et
982 5183 1104 5260 banno
1142 5180 1350 5260 solidorum
1378 5207 1415 5260 nr
1444 5209 1511 5285 pro
1540 5179 1701 5282 qualibet
1730 5208 1900 5284 persona.

314 5338 360 5417 Et
388 5337 654 5417 nichilominus
681 5357 849 5417 teneatur
876 5337 993 5417 facere
1034 5337 1175 5417 dictum
1217 5338 1409 5417 fossatum.
1441 5358 1476 5416 et
1505 5337 1605 5441 quod
1650 5358 1814 5442 potestas
1841 5339 1901 5419 uel

315 5497 392 5575 eius
422 5496 548 5575 locum
576 5516 708 5576 tenens
735 5515 903 5575 teneatur
930 5495 1039 5575 laceri
1066 5495 1144 5575 fieri
1174 5495 1315 5574 dictum
1343 5495 1522 5574 fossatum
1552 5515 1591 5574 ut
1619 5496 1759 5576 dictum
1789 5517 1855 5576 est.
