4800 6698
955 253 1203 354 LXXVII

101 677 169 755 321
287 563 489 770 QJOD
504 652 760 746 QUELIBET
775 642 1011 734 PERSONA
1027 588 1203 735 POSSIT
1217 657 1549 740 DENUNCIARE
1568 660 1634 739 DE
1649 661 1874 741 DAMPNO

444 808 533 888 SIBI
565 808 727 889 DATO.
865 848 867 852 ·

349 1021 531 1223 ffireu
560 1142 738 1203 statutum
768 1142 823 1203 est
860 1125 963 1227 quod
989 1118 1154 1228 'quelibet
1182 1125 1299 1228 possit
1340 1125 1562 1205 denunciare
1597 1126 1755 1205 domino
1784 1148 1886 1231 pote-

264 1255 265 1258 *
295 1283 377 1359 stati
408 1302 444 1359 et
473 1283 571 1360 curie
600 1281 826 1360 baennarum
854 1282 900 1360 de
929 1287 1034 1360 omni
1064 1282 1229 1385 dampno
1259 1283 1327 1364 sibi
1355 1282 1442 1360 dato
1472 1282 1529 1360 uel
1561 1250 1669 1361 lacto
1696 1286 1731 1362 in
1766 1285 1886 1388 aliqua

294 1465 358 1517 sua
387 1439 624 1542 possessione
652 1437 712 1518 uel
740 1465 778 1518 re
807 1465 871 1518 seu
900 1438 1075 1518 fructibus
1103 1437 1193 1517 infra
1213 1467 1262 1516 xv
1283 1439 1362 1518 dies
1381 1459 1578 1543 postquam
1600 1441 1741 1520 dictum
1761 1442 1886 1547 damp-
1974 1495 1975 1499 κ

294 1622 385 1673 num
414 1594 483 1674 sibi
512 1594 650 1678 lactum
679 1596 738 1675 uel
767 1596 895 1675 datum
925 1595 1042 1675 luerit.
1073 1597 1117 1675 Et
1146 1597 1246 1699 quod
1276 1597 1453 1675 dontinus
1481 1617 1644 1701 potestas
1664 1618 1829 1678 teneatur
1849 1619 1885 1680 et
1954 1693 1959 1699 ,

293 1753 411 1856 possit
439 1753 621 1857 inquirere
650 1773 777 1832 contra
807 1780 1079 1857 quamcumque
1108 1781 1307 1871 personam
1327 1754 1585 1847 denunciatum
1608 1755 1685 1833 lore
1715 1783 1794 1834 esse
1824 1784 1885 1835 su-

293 1928 456 2014 spectam
487 1911 533 1989 de
561 1911 663 1989 dicto
691 1910 856 2015 dampno
899 1911 986 1990 dato
1028 1911 1087 1989 uel
1130 1910 1227 1990 lacto
1270 1931 1305 1989 et
1334 1931 1499 1989 teneatur
1533 1910 1694 2016 quelibet
1728 1940 1885 2016 persona

291 2045 379 2147 inde
407 2069 581 2172 requisita
609 2070 858 2148 iuramentum
886 2087 1046 2173 prestare
1076 2096 1182 2171 super
1210 2069 1306 2148 dicta
1327 2069 1613 2148 denunciatione
1634 2091 1670 2149 et
1689 2072 1883 2149 ueritatem

180 2229 182 2234 ’
292 2226 527 2330 respondere.
558 2227 603 2305 Et
632 2226 753 2306 soluat
782 2225 944 2331 quelibet
972 2190 1129 2330 persona
1157 2254 1228 2331 que
1258 2247 1397 2331 reperta
1426 2225 1531 2305 luerit
1561 2227 1752 2331 culpabilis
1775 2256 1883 2333 super

291 2385 368 2487 ipsa
410 2383 695 2464 denunciatione
738 2385 814 2463 siue
856 2412 919 2488 per
962 2412 1000 2464 se
1043 2379 1160 2489 ipsam
1201 2383 1421 2489 culpabilem
1467 2387 1674 2488 reperiatur.
1718 2386 1777 2465 uel
1820 2414 1882 2491 per

175 2534 177 2540 ’
294 2542 373 2620 eius
401 2540 536 2621 bestias
564 2560 708 2621 tantum
738 2559 916 2646 quantum
947 2539 1107 2622 solueret
1137 2543 1167 2620 si
1194 2561 1361 2621 accusata
1381 2563 1477 2621 esset
1498 2542 1702 2622 secundum
1722 2545 1882 2623 lormam

293 2697 440 2802 capituli
470 2698 515 2778 de
544 2698 673 2778 alienis
701 2698 883 2803 dampnis.
913 2720 949 2777 et
978 2687 1527 2777 ordinamentorum‘factorum
1549 2699 1607 2778 uel
1628 2699 1883 2779 faciendorum

292 2882 400 2960 super
428 2857 600 2960 dampnis
628 2857 722 2935 datis
752 2858 788 2934 in
817 2856 947 2934 alienis
975 2856 1093 2934 rebus.
1168 2927 1170 2930 .

98 3353 170 3431 322
284 3240 486 3447 QJOD
502 3322 746 3405 CAMPARII
765 3324 1426 3409 BAENNARUMTENEANTUR
1440 3327 1672 3411 SOLUERE
1688 3331 1872 3412 EORUM

442 3480 695 3560 EMENDAS.

349 3696 529 3898 &aaa
559 3826 735 3885 statutum
758 3823 813 3884 est
832 3805 933 3907 quod
962 3806 1061 3907 prius
1089 3831 1201 3907 quam
1229 3795 1400 3908 camparii
1430 3805 1515 3884 finis
1543 3804 1769 3884 baennarum
1798 3833 1883 3910 pos-

292 3969 363 4045 sint
392 3966 524 4044 habere
553 3965 714 4068 aliquam
744 3962 972 4042 solutionem
1016 3989 1079 4039 sue
1122 3963 1303 4065 camparie
1332 3990 1351 4038 a
1381 3963 1532 4039 comuni
1578 3966 1802 4042 baennarum
1830 3982 1882 4043 te·

157 4127 160 4132 ’
192 4115 194 4120 ’
275 4141 445 4211 ,ηεαηῖυῐ
473 4122 561 4201 dicti
589 4121 761 4225 camparii
792 4118 936 4198 soluere
965 4146 1099 4198 omnes
1124 4118 1301 4197 emendas
1320 4120 1373 4197 eis
1394 4120 1587 4222 impositas
1616 4099 1655 4198 et
1681 4122 1880 4201 extimatas

289 4308 352 4384 per
381 4281 621 4360 extimatores
658 4279 829 4357 comunis
866 4278 1127 4382 dampnorum.
1157 4277 1203 4355 Et
1230 4279 1330 4380 quod
1374 4277 1505 4356 sindici
1542 4278 1714 4356 comunis
1742 4280 1803 4382 qui
1832 4277 1880 4357 la·

289 4439 387 4517 cient
416 4437 644 4516 solutionem
673 4436 834 4541 aliquam
875 4436 983 4515 dictis
1024 4436 1216 4539 campariis
1253 4453 1445 4514 teneantur
1474 4455 1510 4513 et
1538 4411 1696 4514 debeant
1734 4434 1878 4516 soluere

290 4597 397 4678 dictis
425 4599 593 4700 personis
624 4595 844 4675 debentibus
871 4561 1029 4698 recipere
1049 4593 1166 4673 dictas
1185 4594 1373 4672 emendas.
1405 4595 1433 4671 si
1464 4594 1560 4697 ipsas
1588 4597 1790 4698 receperint
1818 4594 1878 4672 uel

288 4747 476 4860 pecierintss
506 4775 542 4833 et
570 4774 784 4858 computare
823 4752 930 4858 dictis
958 4753 1150 4856 campariis
1192 4752 1228 4828 in
1272 4734 1480 4829 solutione
1502 4778 1631 4830 eorum
1662 4752 1877 4831 salariorum

202 5022 204 5025 v
288 4912 389 4992 illam
418 4913 660 5017 quantitatem
688 4937 799 5015 quam
827 4908 1005 4988 soluerint
1032 4936 1100 5013 pro
1120 4910 1173 4987 eis
1200 4909 1238 4986 in
1265 4908 1372 4987 dictis
1401 4908 1580 4987 emendis.
1609 4909 1655 4987 Et
1683 4909 1783 5011 quod
1813 4908 1877 4987 do·

288 5072 412 5150 minus
440 5088 605 5175 potestas
632 5086 800 5148 teneatur
829 5065 945 5145 lacere
975 5064 1161 5145 obseruari
1190 5092 1340 5169 presens
1369 5065 1582 5170 capitulum.
