4800 6698
406 527 464 608 uel
493 529 622 606 ouium
650 555 727 607 non
756 529 898 631 possint
926 545 1070 630 portare
1099 526 1259 631 aliquem
1288 525 1468 607 cutellum
1496 525 1618 633 aliquo
1647 549 1815 633 ternpore
1845 547 1881 609 et
1900 556 1992 634 que·
2029 619 2031 623 ,

408 685 495 764 libet
522 711 678 788 persona
707 686 825 789 possit
853 684 938 763 inde
967 711 1134 763 accusare
1177 703 1213 763 et
1251 685 1283 763 ei
1316 685 1526 764 iuramento
1555 685 1731 764 credatur.
1763 705 1799 764 et
1825 705 2010 790 potestas

406 843 522 946 possit
552 843 635 921 inde
666 844 857 946 inquirere.

224 1307 267 1384 71
391 1222 501 1386 Dc
529 1300 804 1381 crnusuurs
832 1245 1095 1379 momnis
1123 1297 1279 1378 rurnu
1308 1296 1629 1387 consoranis.

538 1526 549 1554 a

456 1483 549 1684 Q
564 1604 641 1657 Teu
670 1595 845 1655 statutum
875 1595 929 1655 est
958 1576 1058 1680 quod
1087 1577 1248 1680 quelibet
1277 1604 1432 1681 persona
1461 1577 1599 1657 habens
1627 1597 1751 1657 ortum
1775 1580 1993 1659 terramdo·

407 1763 511 1814 mum
542 1735 598 1814 uel
627 1735 747 1837 ayrale
786 1736 877 1813 intra
910 1733 1036 1812 uillam
1075 1737 1298 1813 baennaruur
1331 1735 1390 1813 uel
1419 1735 1565 1838 ayralia.
1604 1753 1768 1815 teneatur
1798 1755 1832 1815 et
1861 1737 1992 1815 debeat

407 1899 521 1971 lacere
550 1892 787 1970 medietatem
816 1891 978 1970 clausure
1007 1891 1100 1969 iuter
1127 1919 1165 1970 se
1186 1911 1221 1971 et
1241 1910 1455 1971 consortem
1485 1920 1605 1972 suum.
1635 1913 1671 1972 et
1699 1894 1799 1997 quod
1828 1912 1993 1997 potestas

407 2070 570 2128 teneatur
590 2050 709 2152 ipsum
729 2067 942 2127 consortem
971 2051 1225 2151 constringere
1245 2048 1361 2128 lacere
1390 2050 1628 2129 medietatem
1658 2050 1754 2129 dicte
1779 2049 1942 2130 clausure
1963 2052 1992 2129 si

408 2208 451 2285 ab
480 2206 553 2285 alio
582 2225 754 2286 consorte
783 2205 889 2285 luerit
916 2208 1123 2311 requisitus.
1153 2234 1229 2285 non
1258 2206 1482 2318 intelligatur
1511 2207 1679 2287 clausura
1702 2208 1772 2287 nisi
1799 2206 1905 2287 luerit
1925 2208 1995 2287 sul·

408 2365 546 2443 ficiens.
577 2384 612 2442 et
640 2364 740 2468 quod
774 2383 936 2467 potestas
972 2366 1090 2468 possit
1122 2391 1259 2468 ponere
1297 2392 1431 2469 penam
1469 2392 1583 2469 usque
1616 2366 1653 2444 iu
1687 2364 1829 2444 solidos
1858 2392 1893 2444 ur
1928 2392 1994 2469 pro

410 2520 569 2626 qualibet
597 2520 668 2599 die.
920 2509 925 2516 ’

230 2979 275 3057 72
395 2879 596 3085 QJOD
624 2961 935 3042 PISCATORES
964 2960 1210 3042 PORTENT
1237 2959 1402 3040 PISCES
1428 2960 1483 3041 IN
1510 2960 1724 3041 PLATEA.

463 3158 647 3361 &grou
675 3273 852 3332 statutum
873 3273 928 3333 est
947 3253 1047 3357 quod
1076 3272 1242 3357 potestas
1261 3271 1426 3332 teneatur
1455 3254 1708 3357 constringere
1738 3280 1872 3332 omnes
1885 3255 1998 3358 pisca·

411 3395 510 3491 tores
539 3411 638 3516 quod
668 3438 800 3490 omnes
836 3413 954 3514 pisces
990 3438 1085 3514 quos
1117 3411 1278 3514 ceperint
1306 3410 1454 3490 insimul
1484 3412 1522 3489 iu
1548 3409 1668 3514 platea
1697 3409 1875 3491 defferant
1903 3438 1999 3514 quos

413 3571 571 3649 uendere
600 3568 784 3649 uoluerint
813 3589 849 3647 et
878 3568 1077 3648 saluacinas
1106 3567 1284 3647 similiter.
1305 3570 1356 3647 ita
1374 3569 1475 3673 quod
1504 3567 1648 3647 nullum
1675 3570 1815 3672 piscem
1842 3567 1902 3647 uel
1922 3567 2000 3648 nul·

415 3728 487 3807 lam
509 3727 729 3807 saluacinam
758 3727 862 3806 domi
891 3745 1051 3805 teneant.
1073 3745 1108 3805 et
1128 3753 1284 3842 persona
1304 3753 1374 3830 que
1394 3725 1647 3806 contrafecerit
1677 3725 1796 3806 soluat
1819 3753 1886 3830 pro
1906 3753 2000 3829 pena

415 3887 717 3991 quotiescumque
753 3883 1006 3979 ,contrafecerit
1026 3883 1261 3985 ¹{aolidpsffi
1279 3885 1387 3963 curie.
1423 3884 1593 3963 eamdem
1626 3911 1760 3988 penam
1798 3885 2001 3963 substineat

416 4046 475 4148 qui
504 4045 621 4148 pisces
650 4042 707 4122 uel
737 4042 938 4122 saluacinas
965 4041 1170 4120 uendiderit
1199 4042 1268 4120 nisi
1288 4043 1325 4119 in
1344 4040 1490 4145 platlrea
1518 4042 1791 4120 boematum*
1811 4061 1848 4120 et
1875 4042 2001 4120 uendi·

344 4295 346 4299 .
416 4224 515 4282 tores
542 4203 697 4306 piscium
729 4201 977 4304 predictorum
998 4198 1064 4278 ‚uel
1094 4199 1358 4278 saluacinarum
1392 4227 1468 4278 non
1501 4201 1643 4303 possint
1677 4227 1744 4279 nec
1777 4199 1933 4279 debeant
1962 4226 2001 4281 se

416 4360 605 4439 absentare
633 4384 700 4441 nec
732 4364 924 4441 remouere
957 4357 1077 4436 dictos
1109 4357 1227 4461 pisces
1255 4355 1314 4434 uel
1343 4356 1545 4436 saluaciuas
1570 4357 1617 4436 de
1645 4356 1763 4461 platea
1800 4359 1870 4437 nisi
1904 4359 2005 4444 sicos

417 4516 475 4596 uel
503 4518 667 4594 marinos
699 4534 739 4593 ut
771 4514 1006 4593 dictumest.
1041 4541 1108 4593 nec
1141 4515 1252 4593 etiam
1286 4541 1324 4593 se
1357 4515 1546 4594 absentare
1583 4542 1779 4620 quousque
1809 4517 1910 4619 ipsos
1942 4517 2002 4595 uel

418 4675 513 4778 ipsas
531 4673 762 4752 uendiderint
776 4673 900 4776 precio
915 4674 1153 4776 competenti.
1170 4691 1206 4751 et
1221 4672 1341 4751 dictos
1359 4673 1477 4776 pisces
1495 4692 1687 4752 teneantur
1706 4674 1914 4753 trauaclrare
1935 4674 2002 4781 (7)

417 4858 523 4935 super
553 4830 730 4910 bancham
759 4829 825 4937 (8)
854 4830 903 4908 ita
931 4829 1031 4933 quod
1060 4856 1193 4909 onmes
1221 4848 1415 4934 appareant
1443 4857 1557 4927 exceptu
1582 4847 1699 4927 personas
1722 4858 1853 4913 extraneis
1876 4874 1926 4928 que
1947 4874 2003 4921 non

416 5028 553 5071 teneantur
571 5016 730 5070 trauacuare„
758 4988 804 5069 Et
831 5015 988 5092 persona
1017 5014 1087 5092 que
1115 4986 1368 5068 contrafecerit
1396 4988 1517 5069 soluat
1535 5016 1603 5092 pro
1621 5016 1715 5093 pena
1743 4986 1904 5093 qualibet
1923 4989 2003 5072 uice

417 5176 487 5252 qua
515 5165 642 5227 contra
674 5145 835 5250 predicta
867 5143 991 5224 lecerit
1018 5144 1078 5224 uel
1107 5145 1256 5249 aliquod
1292 5145 1542 5250 predictorum
1559 5193 1564 5201 ·
1581 5145 1723 5226 solidos
1751 5174 1787 5225 v.
1818 5165 1853 5225 et
1882 5145 2004 5225 nullus

416 5305 639 5385 tabernarius
667 5332 788 5386 emere
817 5305 933 5408 possit
961 5304 1053 5384 ultra
1082 5305 1253 5384 denarios
1280 5332 1318 5384 vr
1345 5305 1500 5408 piscium
1533 5304 1748 5383 recentium.
1778 5307 1845 5383 sub
1873 5304 2004 5385 eadem

418 5491 521 5568 pena.
551 5483 587 5543 et
606 5463 766 5570 quelibet
793 5490 949 5568 persona
975 5463 1093 5567 possit
1121 5463 1406 5543 indeaccusare.
1428 5463 1562 5542 eteius
1589 5462 1797 5541 iuramento
1826 5463 2003 5542 credatur.
