4800 6696
410 447 447 546 f·
508 502 606 550 xxxrr.
642 440 716 594 De
740 491 859 559 fetutis.

408 693 445 792 f·
497 750 605 797 xxxm-
639 682 713 843 De
736 733 923 800 homicidio.

640 927 714 1089 De
737 996 885 1045 extraneo
909 981 962 1067 qui
986 982 1153 1047 extraxerit
1176 980 1327 1069 gladium.

637 1174 711 1332 De
735 1244 884 1292 extraneo
907 1227 1103 1313 percutiente
1129 1225 1267 1314 aliquem
1292 1227 1330 1294 de
1355 1228 1495 1296 baennis.

640 1421 714 1580 De
738 1472 857 1539 ferutis.

403 1672 441 1772 f·
494 1701 598 1777 xxx'rv.
636 1649 710 1771 De
733 1700 836 1767 uerbis
860 1702 1021 1768 iniuriosis
1047 1702 1130 1768 inter
1153 1701 1312 1769 mulieres.

637 1895 710 2017 De
734 1945 866 2013 muliere
889 1949 1084 2035 percutiente
1107 1947 1201 2015 aliam
1228 1937 1407 2018 mulierem.

634 2140 708 2262 De
731 2193 844 2259 iniuria
867 2190 949 2259 dicta
972 2215 1027 2282 per
1051 2212 1217 2261 extraneos
1234 2196 1446 2265 habitantibus
1472 2201 1506 2266 in
1529 2200 1673 2270 baennis.

633 2387 707 2509 De
729 2440 843 2505 iniuria
866 2438 949 2505 dicta
971 2442 1129 2527 potestati.

635 2632 710 2806 De
732 2688 934 2772 percussione
963 2685 1043 2753 facta
1066 2688 1098 2753 in
1121 2709 1291 2774 personam
1315 2693 1490 2776 potestatis.

398 2904 435 3002 f·
499 2960 593 3004 xxxv.
635 2880 709 3054 Pe
732 2934 806 3020 igne
830 2934 944 3000 turtiue
967 2934 1074 3020 posito
1097 2935 1131 3000 in
1153 2934 1263 3001 alienis
1287 2935 1389 3002 rebus.

633 3125 707 3299 Pe
731 3163 814 3244 boue
837 3195 994 3282 sgaratato
1017 3196 1048 3246 et
1071 3180 1172 3246 uineis
1195 3161 1330 3247 incissis.

633 3375 707 3548 De
731 3424 945 3513 frangentibus
967 3442 1108 3493 stratam.

396 3645 434 3743 f·
487 3701 592 3747 xxxvi.
632 3624 706 3794 De
729 3673 917 3742 facientibus
940 3674 1092 3742 insultum
1116 3675 1155 3741 ad
1177 3676 1314 3776 domum
1344 3677 1486 3744 alicuius.

631 3869 706 4039 De
727 3920 931 3987 tractantibus
955 3938 1065 3988 contra
1088 3923 1268 3990 Dominum
1293 3923 1488 4011 Episcopum
1512 3943 1542 3990 et
1565 3924 1674 3992 uillam
1701 3924 1906 3992 baennarum.
1920 3906 1929 3919 '⁴

632 4115 706 4285 De
729 4164 830 4231 furtis.

631 4361 706 4535 De
728 4414 860 4478 inuento
883 4412 916 4477 in
938 4409 1039 4478 domo
1063 4411 1194 4480 alicuius
1216 4412 1257 4479 de
1280 4431 1385 4479 nocte.
1416 4479 1417 4482 ,
1517 4435 1518 4438 ’

630 4607 704 4776 De
727 4659 841 4724 iniuria
863 4656 946 4724 dicta
969 4657 1006 4723 ab
1030 4676 1179 4725 extraneo
1202 4657 1296 4725 alicui
1319 4680 1454 4745 persone
1477 4675 1633 4724 extranee.

393 4876 430 4975 f·
484 4930 591 4976 xxxvu
630 4856 704 5022 De
728 4902 1001 4971 combustionibus
1033 4905 1133 4971 factis.

628 5100 765 5269 Quod
788 5170 927 5240 potestas
950 5173 1015 5218 non
1038 5169 1135 5239 ponat
1159 5149 1298 5238 aliquem
1321 5149 1359 5215 ad
1384 5146 1580 5237 patibulum.'

627 5346 764 5514 Quod
779 5415 917 5486 potestas
933 5396 1043 5464 debeat
1058 5395 1229 5485 procedere
1245 5376 1357 5462 contra
1371 5412 1539 5462 extraneos
1552 5392 1709 5462 maleficia
1729 5395 1976 5462 committentes.
