4800 6698
420 562 530 725 DE
557 640 746 766 DANDIS
773 638 1079 732 TUTORIBUS.

473 889 660 1089 Quin
686 992 852 1053 teneatur
882 992 1047 1078 potestas
1078 973 1194 1053 lacere
1223 974 1299 1052 dari
1331 992 1473 1053 tutores
1514 992 1550 1053 et
1584 992 1770 1052 curatores
1800 972 2006 1054 minoribus

420 1133 450 1211 si
478 1130 563 1211 inde
591 1130 698 1210 luerit
726 1131 931 1234 requisitus.
971 1149 1007 1210 et
1034 1130 1134 1236 quod
1162 1149 1327 1235 potestas
1367 1149 1533 1211 teneatur
1561 1149 1597 1210 et
1625 1130 1756 1210 debeat
1782 1128 1899 1210 facere
1926 1130 2005 1211 fieri

420 1307 457 1368 et
484 1288 587 1368 reddi
615 1287 798 1368 rationem
825 1287 1153 1367 administrationis
1180 1287 1272 1367 lacte
1301 1286 1347 1367 de
1376 1288 1484 1367 bonis
1503 1289 1691 1367 minorum
1719 1316 1740 1367 a
1767 1288 1951 1367 tutoribus
1969 1307 2005 1366 et

421 1445 647 1524 curatoribus
675 1463 711 1524 et
737 1445 920 1523 tutoribus
949 1443 1180 1547 generalibus
1208 1443 1322 1523 semel
1343 1445 1380 1522 in
1399 1469 1497 1523 anno
1517 1442 1689 1524 uidelicet
1716 1444 1810 1524 inte'r
1838 1462 2005 1524 sanctum

421 1602 653 1682 michaellem
684 1620 720 1680 et
748 1582 915 1681 sanctum
935 1602 1134 1680 martinum
1158 1619 1194 1681 et
1217 1620 1318 1680 tutor
1346 1620 1382 1681 et
1409 1601 1520 1680 tutrix
1550 1620 1586 1680 et
1614 1619 1758 1680 curator
1786 1619 1822 1681 et
1849 1601 2005 1680 curatrix

421 1760 483 1864 qui
514 1757 575 1838 uel
603 1786 673 1862 que
701 1757 838 1838 dictam
870 1760 1052 1838 rationem
1080 1785 1157 1839 non
1190 1758 1388 1838 reddiderit
1415 1757 1505 1837 infra
1533 1758 1674 1837 dictum
1706 1776 1853 1863 tempus
1885 1758 2006 1874 soluat

421 1943 488 2020 pro
520 1943 613 2020 pena
647 1914 789 1995 solidos
821 1942 881 1995 Lx.
916 1933 953 1995 et
983 1915 1247 1995 nichilominus
1274 1914 1411 1994 dictam
1439 1915 1620 1994 rationem
1648 1913 1800 1994 reddere
1827 1933 2004 1995 teneatur.

423 2092 459 2152 et
486 2071 647 2177 quelibet
665 2098 822 2176 persona
840 2074 958 2177 possit
978 2071 1062 2152 inde
1081 2098 1261 2152 accusare.
1283 2091 1318 2152 et
1338 2074 1372 2151 ei
1391 2072 1598 2151 iuramento
1617 2071 1794 2152 credatur.
1815 2091 1852 2152 et
1874 2071 2006 2152 habeat

421 2230 567 2309 tertiam
596 2249 736 2333 partem
764 2231 887 2309 banni.
921 2248 957 2309 et
989 2248 1152 2334 potestas
1183 2228 1243 2308 uel
1272 2230 1350 2309 eius
1378 2228 1504 2308 locum
1532 2247 1663 2308 tenens
1690 2229 1808 2333 possit
1839 2227 1925 2308 inde
1954 2229 2006 2308 in·

422 2388 574 2491 quirere.

426 2794 628 2999 QJOD
656 2872 921 2954 POTESTAS
948 2871 1047 2952 SUA
1074 2869 1262 2951 DEBITA
1289 2868 1521 2950 SOLUERE
1549 2866 1841 2950 TENEATUR.

490 3142 664 3344 Quam
683 3244 849 3305 teneatur
866 3244 1031 3330 potestas
1048 3244 1133 3305 ante
1152 3252 1263 3330 quam
1281 3225 1427 3306 recedat
1445 3253 1466 3304 a
1490 3227 1687 3330 potestaria
1711 3225 1855 3306 soluere
1879 3229 2006 3307 omnia

424 3381 546 3461 debita
574 3408 644 3485 que
673 3409 737 3461 sua
762 3382 957 3461 occasione
981 3381 1106 3462 fecerit
1133 3382 1171 3460 in
1197 3382 1351 3461 baennis
1377 3380 1438 3461 uel
1456 3409 1527 3487 que
1551 3381 1636 3461 dare
1659 3381 1825 3462 debuerit
1848 3402 1885 3462 et
1912 3402 2006 3463 stare

424 3540 463 3618 in
491 3518 643 3618 baennis
673 3558 758 3643 post
791 3540 932 3618 exitum
960 3540 1014 3618 sui
1042 3539 1235 3643 regiminis
1261 3566 1325 3643 per
1352 3557 1426 3618 tres
1453 3538 1543 3619 dies.
1573 3558 1609 3619 et
1636 3538 1752 3620 facere
1780 3538 1928 3621 cuilibet
1955 3568 2007 3620 ra·

422 3697 577 3775 tionem.
608 3696 752 3776 Eodem
780 3695 898 3776 modo
938 3714 1104 3776 teneatur
1145 3696 1264 3776 dictus
1304 3714 1468 3800 potestas
1502 3694 1646 3776 soluere
1673 3695 1796 3776 debita
1823 3724 1893 3801 que
1921 3698 2006 3779 dare

423 3851 608 3932 debebunt
627 3853 705 3932 eius
723 3851 918 3933 familiares
936 3855 974 3932 ln
994 3854 1145 3933 baessnlS
1160 3867 1189 3933 et
1207 3879 1259 3934 hoc
1277 3879 1310 3933 ad
1328 3878 1482 3934 instantiam
1506 3879 1666 3934 sindicorum
1691 3882 1819 3936 comunis.
1843 3893 1870 3935 et
1892 3894 2007 3952 potestas

423 4021 543 4064 teneatur
561 4011 608 4064 sub
626 4010 733 4065 uinculo
751 4011 891 4065 iuramenti
909 4008 1055 4065 observare'
1066 4026 1173 4080 presens
1191 4010 1342 4080 capitulum.
1361 4011 1405 4080 (2)

428 4380 539 4543 DE
567 4458 706 4540 FENO
735 4458 853 4541 NON
880 4457 1142 4542 CAPIENDO
1170 4457 1264 4540 PER
1292 4453 1641 4536 POTESTATEM
1674 4456 1775 4538 NEC
1803 4456 1869 4535 DE
1897 4455 2011 4536 UUIS

584 4615 686 4697 NEC
713 4618 779 4696 DE
807 4617 970 4699 ORTIS.

486 4883 665 5087 &aaa
693 4991 870 5051 statutum
899 4991 955 5052 est
982 4971 1083 5077 quod
1110 4991 1275 5076 potestas
1315 5001 1391 5052 non
1433 4972 1565 5053 debeat
1591 5000 1659 5053 nec
1686 4974 1805 5078 possit
1845 4975 2007 5078 accipere

424 5129 483 5210 uel
511 5130 624 5236 accipi
653 5128 769 5210 lacere
797 5131 835 5209 in
862 5128 988 5234 aliquo
1015 5127 1102 5210 loco
1130 5129 1176 5210 de
1204 5129 1329 5233 aliquo
1357 5129 1444 5211 feno
1472 5133 1510 5211 in
1538 5130 1677 5236 mugiis
1703 5129 1763 5210 uel
1792 5112 1906 5211 aliter.
1936 5132 2005 5210 nisi

293 5282 297 5288 ⁴
424 5289 567 5369 emerit.
597 5314 665 5368 nec
693 5288 739 5368 de
766 5289 850 5400 uuis
876 5289 1067 5369 uinearum
1095 5315 1163 5368 nec
1205 5289 1251 5369 de
1293 5289 1384 5369 ortis
1416 5317 1483 5370 nec
1511 5288 1557 5369 de
1585 5288 1766 5393 aliquibus
1793 5288 1873 5369 aliis
1900 5288 2009 5369 rebus

422 5446 623 5527 hominurn
652 5448 887 5526 baennarum.
