4800 6698
1029 247 1198 353 XLIII

320 572 405 653 alio.
437 560 473 653 et
501 573 603 677 quod
631 599 710 652 non
738 572 857 677 possit
885 572 1042 652 concedi
1084 571 1206 676 baylia
1247 573 1442 652 accusandi
1471 599 1536 678 per
1563 573 1783 655 conscilium
1813 578 1921 655 baen-

321 758 451 811 narum
480 731 589 811 alicui
616 757 775 836 persone
818 758 895 810 non
938 731 1117 810 habitanti
1160 731 1198 809 in
1227 732 1381 810 baennis
1409 750 1446 811 et
1474 759 1552 811 non
1581 733 1742 812 soluenti
1770 732 1919 813 fodrum

320 919 388 996 pro
416 891 569 971 comuni
591 893 830 970 baennarum.
852 890 923 969 nisi
951 889 1012 969 illa
1040 916 1200 994 persona
1219 909 1316 969 esset
1344 890 1538 969 nominata
1567 916 1737 996 expresse
1757 892 1796 971 in
1816 891 1919 972 dicto

321 1048 502 1128 conscilio
530 1075 595 1128 seu
624 1048 899 1128 ordinament0.
928 1047 1002 1127 hoc
1030 1047 1231 1152 capitulum
1259 1046 1485 1151 intelligatur
1513 1049 1614 1153 quod
1647 1068 1817 1130 accusare
1840 1076 1918 1130 non
2032 1100 2033 1103 κ

320 1207 477 1310 possint.
508 1207 571 1285 sic.
601 1206 703 1312 quod
732 1206 899 1310 ipsorum
928 1206 1072 1308 accusis
1098 1205 1264 1285 credatur
1289 1208 1427 1309 absque
1455 1205 1525 1285 alia
1552 1208 1784 1311 probatione.
1813 1206 1919 1287 aliter

321 1383 429 1469 atque
458 1365 552 1444 bene
579 1365 736 1469 possint.

124 1816 194 1896 195
310 1683 425 1852 De
451 1760 572 1845 nou
598 1709 943 1842 nouenauuo
971 1749 1129 1833 sun-:u
1157 1750 1379 1832 conum.

375 2003 557 2208 &aaut
586 2118 765 2211 statutum
794 2119 850 2179 est
877 2098 979 2204 quod
1008 2100 1128 2206 aliqua
1156 2127 1314 2205 persona
1342 2127 1419 2180 non
1448 2100 1568 2205 possit
1587 2128 1655 2180 nec
1675 2101 1807 2181 debeat
1834 2129 1919 2182 ron-

319 2260 426 2339 chare
455 2259 515 2339 uel
544 2258 713 2338 ronchari
743 2261 860 2338 lacere
889 2257 1014 2363 aliquo
1042 2259 1162 2338 modo
1190 2258 1249 2338 uel
1278 2258 1434 2362 ingenio
1454 2259 1492 2336 in
1511 2258 1637 2363 aliquo
1665 2258 1752 2340 loco
1781 2261 1820 2339 in
1842 2259 1917 2340 fine

319 2419 548 2497 baennarum
577 2416 677 2521 lequi
706 2435 742 2496 et
776 2435 1019 2520 costemagne
1058 2416 1165 2521 super
1198 2417 1364 2497 comuni.
1399 2419 1466 2496 sub
1503 2444 1598 2521 pena
1631 2416 1839 2497 solidorum
1868 2446 1917 2497 xx

319 2577 523 2657 astensium
552 2603 620 2680 pro
649 2574 811 2680 qualibet
838 2602 997 2680 persona
1024 2577 1177 2681 quocies
1205 2573 1473 2655 contrafecerit.
1503 2593 1539 2654 et
1567 2574 1731 2679 quelibet
1758 2602 1917 2680 persona

213 2795 215 2800 ·
319 2736 438 2840 possit
466 2734 553 2814 inde
581 2760 751 2814 accusare
780 2752 817 2812 et
846 2733 879 2812 ei
908 2736 1120 2813 iuramento
1149 2733 1317 2813 credatur
1345 2752 1380 2813 et
1410 2732 1543 2812 habeat
1583 2734 1730 2812 tertiam
1773 2753 1916 2839 partem

319 2893 444 2972 banni.
474 2911 511 2972 et
538 2910 707 2971 teneatur
734 2892 889 2996 priuata.
920 2890 1026 2970 saluo
1054 2910 1181 2970 tamen
1211 2892 1312 2996 quod
1341 2890 1494 2996 quilibet
1522 2891 1643 2996 possit
1670 2891 1849 2971 ronchare
1878 2893 1916 2971 in

318 3049 498 3129 bascheta
526 3048 732 3129 secundum
761 3048 863 3154 quod
892 3047 978 3127 inde
1007 3048 1221 3128 ordinatum
1250 3068 1306 3127 est
1333 3076 1397 3153 per
1425 3043 1646 3144 conscilium
1675 3051 1913 3129 baennarum.

319 3209 365 3287 Et
393 3208 495 3313 quod
523 3226 690 3312 potestas
718 3233 796 3286 non
824 3207 944 3311 possit
984 3232 1123 3311 ponere
1152 3206 1189 3285 in
1219 3206 1400 3287 conscilio
1428 3207 1530 3310 quod
1559 3206 1758 3286 ronchetur
1786 3227 1914 3288 contra

318 3366 491 3471 predicta.
521 3366 568 3445 Et
597 3365 627 3445 si
655 3363 912 3444 contrafecerit
940 3365 1086 3443 amittat
1105 3364 1152 3443 de
1172 3391 1241 3444 suo
1262 3364 1394 3444 salario
1413 3363 1523 3444 libras
1550 3393 1573 3443 x
1603 3384 1639 3444 et
1666 3393 1824 3470 persona
1843 3393 1914 3472 que

319 3525 404 3605 inde
431 3543 598 3629 potestas
625 3523 858 3628 requisiuerit
885 3521 1008 3602 soluat
1034 3549 1103 3627 pro
1130 3549 1224 3626 pena
1254 3522 1397 3602 solidos
1425 3550 1462 3602 x.
1492 3524 1538 3602 Et
1566 3524 1728 3627 quelibet
1756 3551 1914 3628 persona

317 3683 436 3788 possit
463 3680 549 3762 inde
577 3708 747 3762 accusare
774 3700 816 3759 ut
844 3707 962 3785 supra.
991 3680 1038 3760 Et
1066 3680 1167 3784 quod
1209 3680 1329 3784 aliqua
1369 3707 1527 3785 persona
1563 3708 1639 3760 non
1669 3683 1787 3785 possit
1814 3709 1913 3762 arare

231 3850 235 3858 ’
318 3842 377 3921 uel
406 3867 535 3921 cauare
563 3841 636 3920 nisi
663 3859 704 3919 ut
731 3839 940 3945 predictum
969 3857 1025 3917 est
1053 3839 1091 3917 in
1119 3837 1425 3944 fraschetasuper
1445 3841 1597 3919 comuni
1617 3840 1754 3944 absque
1773 3840 1914 3935 ,uolun-

318 4018 392 4079 tate
420 3999 590 4080 conscilii
616 3998 844 4077 baennarum
873 3995 932 4076 uel
961 3997 1113 4075 maioris
1141 3996 1254 4101 partis
1282 4000 1349 4075 sub
1378 3997 1509 4076 eadem
1528 4025 1623 4102 pena
1643 4019 1678 4076 et
1698 3998 1823 4078 banno
1852 4026 1914 4078 so·

318 4158 480 4239 lidorum
508 4185 558 4236 xx
585 4157 802 4237 astensium.
833 4154 879 4234 Et
907 4153 1070 4258 quelibet
1097 4180 1255 4257 persona
1283 4155 1402 4258 possit
1429 4155 1516 4234 inde
1544 4182 1713 4235 accusare
1734 4175 1774 4235 ut
1793 4184 1911 4262 supra.

202 4331 204 4335 ’
318 4318 365 4396 Et
392 4318 454 4421 qui
483 4314 694 4395 consuleret
723 4313 824 4418 quod
853 4311 1053 4392 ronchetur
1081 4311 1203 4391 soluat
1220 4340 1289 4417 pro
1308 4312 1474 4416 quolibet
1503 4333 1539 4393 et
1567 4313 1730 4418 qualibet
1748 4316 1829 4394 uice
1856 4343 1914 4395 so·

318 4473 415 4554 lidos
442 4500 505 4554 xx.

103 4892 193 4997 195
311 4775 425 4946 De
451 4855 720 4942 uaxanuo
747 4849 984 4935 crunno.

431 5181 552 5299 rimu
583 5226 764 5287 statutum
791 5226 849 5287 est
876 5207 977 5313 quod
1007 5207 1127 5313 aliqua
1157 5233 1314 5311 persona
1342 5233 1418 5286 non
1448 5207 1566 5310 possit
1594 5232 1662 5285 nec
1691 5203 1823 5284 debeat
1852 5232 1912 5284 na-

317 5391 404 5444 xare
432 5364 500 5472 (ι)
528 5364 588 5445 uel
617 5367 740 5445 naxari
769 5365 888 5445 lacere
916 5364 1066 5469 aliquod
1087 5365 1268 5445 cambum
1295 5366 1335 5444 in
1362 5391 1473 5443 cuzea
1502 5362 1547 5442 ab
1575 5383 1661 5443 orto
1688 5362 1911 5442 bartolomei

316 5520 506 5627 brugogni
536 5524 702 5628 superius
729 5522 862 5603 alicubi
891 5550 958 5603 nec
987 5551 1007 5601 a
1035 5523 1134 5602 uado
1162 5542 1405 5625 costemagne
1425 5522 1463 5600 in
1483 5519 1718 5600 mundelauia
1747 5522 1912 5625 superius
