4800 6698
374 701 444 777 149
550 581 662 749 DE
689 660 1116 744 PERCUSSIONIBUS
1144 659 1212 741 ET
1239 659 1462 742 FERUTIS.

625 926 655 1049 il
670 952 700 1060 Ξ
727 1005 805 1058 unu
834 995 1012 1057 statutum
1042 995 1098 1056 est
1117 977 1218 1081 quod
1253 977 1284 1055 si
1311 976 1444 1081 aliquis
1462 976 1523 1056 uel
1542 977 1663 1082 aliqua
1691 978 1737 1058 de
1766 980 1920 1059 baennis
1947 983 2167 1085 percusserit

567 1138 729 1242 aliquem
756 1136 817 1216 uel
845 1135 1006 1240 aliquam
1035 1136 1129 1216 irato
1157 1137 1286 1218 auimo
1313 1163 1445 1240 pugno
1486 1135 1620 1216 baculo
1647 1136 1708 1216 uel
1736 1137 1859 1242 palma
1888 1139 1926 1217 in
1960 1141 2077 1244 capite
2105 1139 2166 1219 uel

568 1295 717 1375 maxilla
746 1324 766 1374 a
794 1295 897 1376 collo
927 1295 1104 1399 superius.
1133 1293 1194 1373 uel
1223 1294 1344 1399 ipsum
1373 1294 1510 1398 ceperit
1537 1321 1601 1399 per
1629 1295 1795 1399 capillos.
1834 1314 1871 1375 et
1906 1299 2059 1400 sanguis
2088 1324 2167 1377 non

570 1453 725 1533 exiuerit
753 1452 875 1532 soluat
902 1480 970 1557 pro
997 1480 1092 1557 pena
1121 1451 1264 1533 solidos
1291 1478 1342 1532 Lx
1370 1470 1547 1532 astenses.
1573 1452 1596 1491 ⁴*
1623 1453 1655 1532 si
1682 1466 1877 1557 percussor
1919 1453 2072 1534 soluerit
2114 1428 2168 1534 l·

547 1603 548 1606 *
568 1611 678 1690 drum
708 1611 746 1689 in
774 1610 928 1689 baennis
956 1609 1002 1689 de
1022 1608 1113 1721 libra
1132 1608 1192 1689 uel
1210 1608 1316 1689 ultra.
1338 1628 1374 1688 et
1394 1611 1424 1688 si
1443 1637 1465 1687 a
1483 1609 1585 1690 libris
1613 1638 1663 1688 xx
1682 1608 1773 1690 infra
1801 1637 1918 1714 usque
1947 1612 1986 1690 in
2014 1611 2125 1691 libras
2144 1641 2167 1691 x

570 1769 714 1850 solidos
742 1796 789 1848 xi
818 1778 855 1848 et
881 1796 903 1846 a
931 1767 1021 1847 libra
1048 1766 1200 1847 inferius
1228 1766 1371 1847 solidos
1398 1794 1462 1847 xx.
1491 1767 1512 1806 ³*
1539 1767 1607 1875 (2)
1636 1769 1667 1847 si
1694 1786 1819 1849 autern
1848 1796 1868 1847 a
1896 1768 1999 1848 collo
2018 1768 2170 1850 inferius

569 1928 690 2032 ipsum
718 1927 937 2031 percusserit
968 1989 975 2004 .
1004 1925 1065 2005 uel
1093 1952 1180 2005 eum
1208 1924 1414 2006 bussauerit
1441 1925 1502 2006 uel
1538 1952 1693 2007 manum
1726 1928 1820 2007 irato
1852 1921 1982 2007 animo
2016 1928 2053 2007 in
2081 1902 2168 2007 eum

569 2085 736 2164 iniecerit
764 2085 825 2164 uei
851 2085 886 2164 ei
915 2083 1126 2164 lacerauerit
1159 2090 1382 2164 cauezanam
1419 2084 1487 2191 (3)
1524 2083 1645 2164 soluat
1679 2111 1748 2190 pro
1785 2111 1879 2190 pena
1916 2084 2060 2166 solidos
2095 2113 2169 2164 xxx

569 2262 735 2323 astenses
761 2243 783 2282 '⁶
811 2244 841 2322 si
869 2269 1062 2347 percussus
1090 2242 1191 2321 dabit
1218 2241 1367 2322 fodrum
1399 2243 1553 2322 comuni
1581 2242 1627 2322 de
1656 2241 1757 2323 libris
1784 2270 1834 2322 xx
1874 2242 1936 2324 uel
1963 2243 2057 2323 ultra
2086 2263 2170 2324 eta

569 2400 672 2481 libris
704 2429 753 2479 xx
791 2398 882 2479 infra
919 2426 1035 2504 usque
1068 2400 1106 2478 in
1135 2399 1244 2480 libras
1270 2428 1295 2478 x
1324 2400 1446 2480 soluat
1478 2427 1546 2505 pro
1580 2427 1675 2505 pena
1711 2400 1854 2481 solidos
1886 2429 1936 2480 xx
1964 2420 2002 2481 et
2030 2430 2050 2482 a
2079 2401 2171 2481 libra
2255 2470 2257 2475 ,

569 2556 719 2638 inferius
747 2557 869 2638 soluat
895 2585 964 2663 pro
991 2585 1086 2663 pena
1115 2558 1258 2639 solidos
1275 2587 1300 2637 x
1328 2559 1349 2598 ³*
1376 2559 1443 2667 (4)
1471 2559 1541 2639 nisi
1570 2577 1695 2640 essent
1723 2560 1964 2664 suprascripte
1991 2585 2164 2665 persone.

571 2716 668 2796 idest
695 2734 797 2821 pater
819 2713 944 2796 lnater
971 2715 1079 2796 frater
1098 2735 1135 2795 et
1155 2743 1262 2797 soror
1280 2717 1436 2796 maritus
1454 2743 1550 2797 uxor
1568 2716 1772 2797 auunculus
1798 2716 1861 2798 uel
1888 2718 2002 2797 amita
2031 2735 2172 2797 stantes

572 2875 610 2953 in
638 2901 711 2953 una
738 2873 859 2954 domo
887 2872 933 2952 ad
961 2899 1078 2952 unum
1106 2896 1240 2978 panem
1270 2891 1307 2953 et
1325 2874 1468 2954 uinum.
1488 2877 1552 2978 qui
1570 2873 1617 2954 de
1637 2874 1735 2954 dicta
1752 2902 1847 2979 pena
1866 2900 1945 2954 non
1963 2892 2170 2954 teneantur.
2215 2983 2219 2990 .

575 3050 611 3111 et
639 3031 711 3111 nisi
739 3030 865 3111 fecerit
893 3058 931 3111 se
959 3030 1223 3121 deffendendo.
1253 3051 1290 3111 et
1317 3032 1419 3136 quod
1449 3032 1645 3137 supradicti
1671 3052 1774 3138 pater
1801 3031 1909 3113 frater
1937 3051 1975 3112 et
2000 3058 2106 3112 soror
2134 3050 2173 3111 et

573 3188 635 3268 alii
664 3189 896 3294 suprascripti
924 3217 1002 3270 non
1030 3208 1224 3270 teneantur
1246 3190 1293 3270 de
1312 3190 1410 3270 dicta
1428 3218 1535 3295 pena.
1556 3191 1586 3271 si
1605 3209 1836 3295 percuterent
1865 3217 1904 3270 se
1933 3191 2013 3270 sine
2042 3188 2172 3292 gladio

573 3345 704 3427 ferreo.
734 3346 795 3426 uel
823 3347 955 3427 ceteris
982 3347 1064 3427 aliis
1091 3349 1214 3427 armis.

381 3802 455 3883 150
550 3678 663 3845 Du
690 3757 919 3842 sununs.

619 3975 812 4181 Qun
840 4086 871 4164 si
899 4083 1018 4189 aliqua
1045 4110 1204 4190 persona
1231 4083 1401 4164 habitans
1430 4086 1468 4164 in
1495 4085 1649 4164 baennis
1675 4086 1896 4190 percusserit
1922 4084 2086 4190 aliquem
2113 4086 2173 4166 uel

574 4244 736 4349 aliquam
749 4269 949 4348 personam
963 4243 1192 4337 habitantem
1206 4243 1245 4322 in
1261 4243 1413 4323 baennis
1427 4230 1572 4322 baculo.
1588 4241 1739 4323 cutello.
1756 4241 1893 4322 lancea.
1910 4263 2024 4348 spata.
2039 4243 2172 4350 lapide.

575 4429 640 4482 seu
667 4400 793 4506 aliquo
820 4399 895 4481 alio
924 4400 1065 4506 gladio.
1103 4401 1204 4506 quod
1233 4399 1324 4481 deus
1351 4419 1493 4480 auertat
1528 4400 1627 4480 unde
1661 4401 1814 4506 sanguis
1846 4401 2013 4482 exiuerit.
2052 4401 2174 4484 soluat

574 4587 642 4666 pro
670 4587 765 4666 pena
793 4559 937 4640 solidos
964 4587 988 4641 c
1016 4525 1192 4640 astenses.
1223 4579 1260 4640 et
1279 4560 1310 4640 si
1337 4585 1531 4665 percussus
1550 4587 1595 4640 ex
1615 4560 1692 4665 ipsa
1720 4560 1959 4665 percussione
1987 4561 2175 4641 amitteret

575 4718 726 4825 aliquod
754 4718 979 4799 membrum.
1007 4718 1181 4799 uidelicet
1199 4719 1335 4825 pedem
1353 4744 1508 4798 manum
1527 4718 1719 4799 brachium
1738 4744 1891 4799 nassum
1910 4717 2087 4812 occulum
2113 4717 2178 4801 uel
2265 4782 2268 4788 .

576 4879 740 4960 occulos.
763 4877 980 4984 soluatpro
999 4904 1094 4984 pena
1121 4876 1232 4958 libras
1259 4906 1295 4957 x.
1325 4877 1393 4987 (5)
1420 4913 1452 4962 et
1468 4893 1603 4962 totidem
1627 4916 1686 4984 pro
1709 4893 1845 4962 emenda
1868 4893 1994 4982 iniqui
2017 4863 2177 4979 amitterer
2276 4859 2281 4870 ⁸

574 5058 760 5127 membrum
784 5076 816 5126 er
839 5057 902 5126 hoc
933 5055 1126 5145 intelligatur
1148 5057 1176 5123 si
1199 5054 1322 5144 degerit
1344 5077 1382 5122 os
1405 5055 1527 5143 capitis.
1547 5036 1578 5116 Si
1594 5055 1723 5116 autem
1745 5035 1968 5142 percusserit
1995 5036 2119 5140 ipsum
2137 5035 2177 5115 in

574 5228 729 5307 corpore
758 5201 807 5280 ita
835 5197 937 5304 quod
960 5196 1114 5302 gladius
1141 5196 1316 5282 intestina
1336 5195 1486 5275 intraret
1504 5193 1564 5274 uel
1585 5195 1617 5274 ei
1638 5186 1683 5279 os
1701 5195 1831 5298 capitis
1849 5193 2035 5298 frangeret
2054 5195 2176 5274 soluat
2201 5303 2206 5313 ἢ

574 5388 642 5468 pro
669 5387 763 5465 pena
792 5357 901 5438 libras
928 5384 1016 5436 xxv.
1046 5356 1076 5437 si
1104 5373 1230 5435 autem
1259 5355 1411 5458 sanguis
1443 5380 1520 5433 non
1558 5353 1712 5432 exiuerit
1741 5380 1786 5432 ex
1815 5353 1892 5456 ipsa
1923 5353 2174 5457 percussione.

576 5518 698 5599 soluat
724 5545 792 5622 pro
819 5544 914 5622 pena
933 5534 973 5595 ut
993 5516 1030 5594 in
1049 5513 1260 5619 precedenti
1280 5511 1441 5617 capitulo
1470 5512 1692 5591 continetur.
1722 5511 1793 5590 nisi
1821 5536 2016 5615 percussus
2044 5527 2081 5589 et
2098 5537 2176 5614 per·
2279 5581 2280 5584 .
