4800 6696
1153 644 1249 739 Vlll.

790 876 1089 969 Regolamento
1117 896 1188 970 per
1214 879 1252 949 le
1280 875 1357 950 arti
1385 896 1406 950 e
1435 875 1626 950 mestieri.

1000 1082 1041 1189 a)
1070 1130 1122 1141 -
1148 1109 1211 1162 DEI
1237 1109 1402 1180 MUGNAJ.

497 1212 658 1281 Cseffou

544 1374 593 1440 17.
685 1352 746 1421 Del
769 1377 868 1441 grano
891 1354 1025 1443 perduto
1049 1355 1078 1421 al
1102 1354 1236 1422 molino.
1351 1426 1354 1433 .

517 1489 592 1556 233.
684 1468 842 1537 Sacehetti
865 1491 882 1534 e
905 1467 1044 1536 scodelle
1072 1493 1130 1558 per
1153 1471 1343 1560 raccogliere
1373 1469 1549 1537 elemosine
1582 1492 1647 1537 non
1676 1468 1804 1538 devono
1830 1472 1947 1538 tenersi
1969 1472 1999 1538 al

764 1582 899 1650 molino.

517 1701 593 1767 262.
684 1697 845 1764 Ciascuno
868 1700 932 1787 pub
957 1697 1076 1764 battere
1099 1697 1129 1765 la
1152 1721 1208 1765 sua
1231 1721 1349 1788 canape
1373 1698 1403 1765 al
1425 1697 1583 1766 battitoio.

978 2011 1016 2118 b)
1044 2060 1095 2072 —
1122 2039 1185 2092 nm
1212 2038 1427 2093 messem.

495 2143 655 2212 Cse120e1

540 2305 592 2371 30.
671 2282 773 2351 Della
796 2282 933 2350 fornace.

517 2399 589 2485 389.
681 2398 742 2465 Del
758 2416 951 2487 pagamento
967 2397 1046 2465 della
1062 2397 1183 2487 gabella
1206 2421 1263 2487 per
1277 2397 1518 2488 l’esportazione
1534 2399 1586 2467 dei
1603 2400 1739 2467 matroni
1755 2422 1772 2467 e
1786 2398 1866 2467 delle
1881 2399 1997 2488 tegole.

978 2715 1013 2822 c)
1043 2763 1094 2775 —
1121 2743 1184 2796 nm
1212 2741 1431 2800 PescAToRl.

467 2904 471 2913 ,
492 2847 653 2916 caenon

537 3009 589 3075 72.
678 2988 693 3055 I
715 2989 874 3078 pescatori
896 2987 1023 3055 devono
1046 3005 1172 3077 portare
1196 2990 1208 3055 i
1231 2990 1316 3077 pesci
1339 2988 1417 3055 sulla
1440 2990 1554 3077 piazza.

537 3104 589 3188 87.
679 3103 755 3171 Non
778 3102 806 3168 si
828 3101 955 3169 devono
979 3100 1026 3169 far
1049 3105 1206 3191 congegni
1229 3126 1286 3191 per
1309 3102 1337 3171 la
1360 3126 1463 3191 pesea.

1004 3416 1045 3523 d)
1074 3465 1125 3477 —
1151 3444 1214 3497 DEI
1241 3444 1392 3498 Possm.

491 3550 653 3619 Cfflsou
768 3539 781 3606 s
1456 3533 1457 3537 ¹

538 3712 590 3780 75.
681 3690 741 3757 De'
758 3688 870 3757 fornai.

515 3827 589 3894 234.
680 3806 741 3873 De’
758 3804 860 3872 fornai
883 3804 915 3871 di
939 3805 1033 3872 Bene.

987 4129 1017 4215 e)
1046 4167 1097 4179 -
1124 4145 1186 4200 DEI
1213 4145 1411 4201 TAVERNAI.

492 4255 652 4323 Cmroel
770 4320 773 4325 .

515 4417 586 4482 113.
677 4394 826 4486 Nessum
848 4393 929 4461 deve
952 4410 1016 4459 star
1039 4391 1121 4459 nella
1144 4391 1263 4459 bettola
1286 4392 1372 4481 dopo
1396 4392 1529 4459 l'ultima
1553 4415 1714 4481 campana.

516 4530 587 4597 141.
679 4507 704 4574 Il
727 4509 805 4575 vino
829 4507 910 4574 deve
933 4506 1079 4574 vendersi
1102 4505 1161 4573 alla
1184 4507 1280 4595 pinta.

516 4643 586 4711 142.
677 4622 722 4689 Le
745 4624 833 4711 pinte
860 4621 988 4689 devono
1017 4643 1120 4688 essere
1144 4620 1181 4688 di·
1199 4638 1290 4689 vetto
1314 4644 1335 4688 0
1357 4622 1390 4689 di
1413 4639 1497 4688 terra
1520 4645 1538 4689 e
1561 4622 1739 4710 riempiersi
1761 4623 1833 4690 sino
1856 4620 1989 4689 all'orlo.

678 4738 712 4805 Si
735 4736 821 4826 parla
844 4734 960 4804 inoltre
983 4736 1034 4803 dei
1057 4738 1197 4803 tavernai
1220 4737 1273 4803 nei
1297 4736 1383 4825 Cap.
1400 4757 1441 4823 72
1465 4758 1482 4802 e
1507 4756 1558 4824 74.
2059 4734 2061 4738 ’

956 5053 997 5162 s)
1026 5101 1077 5113 —
1104 5080 1166 5134 DEI
1194 5032 1425 5134 emesenam.

489 5191 661 5260 Csenoeo

535 5352 606 5418 140.
695 5330 739 5396 Di
764 5328 860 5417 quelli
883 5327 942 5394 che
966 5327 1061 5394 fanno
1084 5326 1107 5393 il
1131 5349 1211 5415 pane
1235 5350 1291 5415 per
1314 5325 1474 5392 venderlo.

698 5445 732 5512 Si
755 5443 839 5532 parla
862 5442 978 5511 inoltre
1001 5441 1052 5509 de'
1067 5443 1234 5531 panettieri
1257 5442 1310 5509 nel
1333 5441 1411 5529 Cap.
1436 5460 1479 5526 74
